%YAML 1.1
%TAG !u! tag:unity3d.com,2011:
--- !u!1 &138267855927497566
GameObject:
  m_ObjectHideFlags: 0
  m_CorrespondingSourceObject: {fileID: 0}
  m_PrefabInstance: {fileID: 0}
  m_PrefabAsset: {fileID: 0}
  serializedVersion: 6
  m_Component:
  - component: {fileID: 5897082978010219997}
  - component: {fileID: 7223884053136442024}
  - component: {fileID: 3410418849020921193}
  - component: {fileID: 5556312788314150202}
  m_Layer: 0
  m_Name: Fence  (93)
  m_TagString: Untagged
  m_Icon: {fileID: 0}
  m_NavMeshLayer: 0
  m_StaticEditorFlags: 18
  m_IsActive: 1
--- !u!4 &5897082978010219997
Transform:
  m_ObjectHideFlags: 0
  m_CorrespondingSourceObject: {fileID: 0}
  m_PrefabInstance: {fileID: 0}
  m_PrefabAsset: {fileID: 0}
  m_GameObject: {fileID: 138267855927497566}
  m_LocalRotation: {x: -0, y: -0.7071068, z: -0, w: -0.7071068}
  m_LocalPosition: {x: -5.0790405, y: -2.6943054, z: 7.5667725}
  m_LocalScale: {x: 1, y: 1, z: 1}
  m_Children:
  - {fileID: 6123159301789117724}
  m_Father: {fileID: 3487930203421438614}
  m_RootOrder: 1
  m_LocalEulerAnglesHint: {x: 0, y: -270, z: 0}
--- !u!65 &7223884053136442024
BoxCollider:
  m_ObjectHideFlags: 0
  m_CorrespondingSourceObject: {fileID: 0}
  m_PrefabInstance: {fileID: 0}
  m_PrefabAsset: {fileID: 0}
  m_GameObject: {fileID: 138267855927497566}
  m_Material: {fileID: 0}
  m_IsTrigger: 0
  m_Enabled: 1
  serializedVersion: 2
  m_Size: {x: 1.0470933, y: 0.65550613, z: 0.14356133}
  m_Center: {x: -0.27829129, y: 0.38136506, z: -0.0005405992}
--- !u!54 &3410418849020921193
Rigidbody:
  m_ObjectHideFlags: 0
  m_CorrespondingSourceObject: {fileID: 0}
  m_PrefabInstance: {fileID: 0}
  m_PrefabAsset: {fileID: 0}
  m_GameObject: {fileID: 138267855927497566}
  serializedVersion: 2
  m_Mass: 5
  m_Drag: 0
  m_AngularDrag: 0.05
  m_UseGravity: 1
  m_IsKinematic: 0
  m_Interpolate: 0
  m_Constraints: 0
  m_CollisionDetection: 0
--- !u!114 &5556312788314150202
MonoBehaviour:
  m_ObjectHideFlags: 0
  m_CorrespondingSourceObject: {fileID: 0}
  m_PrefabInstance: {fileID: 0}
  m_PrefabAsset: {fileID: 0}
  m_GameObject: {fileID: 138267855927497566}
  m_Enabled: 1
  m_EditorHideFlags: 0
  m_Script: {fileID: 11500000, guid: f6d19a35179e3cd40af59f06ae4c594f, type: 3}
  m_Name: 
  m_EditorClassIdentifier: 
  breakingForce: 10
--- !u!1 &796121026920161787
GameObject:
  m_ObjectHideFlags: 0
  m_CorrespondingSourceObject: {fileID: 0}
  m_PrefabInstance: {fileID: 0}
  m_PrefabAsset: {fileID: 0}
  serializedVersion: 6
  m_Component:
  - component: {fileID: 6571314271713441656}
  - component: {fileID: 7973410381511847949}
  - component: {fileID: 5840866220090983687}
  - component: {fileID: 4132701585451975347}
  m_Layer: 0
  m_Name: Fence  (97)
  m_TagString: Untagged
  m_Icon: {fileID: 0}
  m_NavMeshLayer: 0
  m_StaticEditorFlags: 18
  m_IsActive: 1
--- !u!4 &6571314271713441656
Transform:
  m_ObjectHideFlags: 0
  m_CorrespondingSourceObject: {fileID: 0}
  m_PrefabInstance: {fileID: 0}
  m_PrefabAsset: {fileID: 0}
  m_GameObject: {fileID: 796121026920161787}
  m_LocalRotation: {x: -0, y: -0.7071068, z: -0, w: -0.7071068}
  m_LocalPosition: {x: -5.0790405, y: -2.6943054, z: 3.1697998}
  m_LocalScale: {x: 1, y: 1, z: 1}
  m_Children:
  - {fileID: 6782015093910970297}
  m_Father: {fileID: 3487930203421438614}
  m_RootOrder: 5
  m_LocalEulerAnglesHint: {x: 0, y: -270, z: 0}
--- !u!65 &7973410381511847949
BoxCollider:
  m_ObjectHideFlags: 0
  m_CorrespondingSourceObject: {fileID: 0}
  m_PrefabInstance: {fileID: 0}
  m_PrefabAsset: {fileID: 0}
  m_GameObject: {fileID: 796121026920161787}
  m_Material: {fileID: 0}
  m_IsTrigger: 0
  m_Enabled: 1
  serializedVersion: 2
  m_Size: {x: 0.9501449, y: 0.5394113, z: 0.14356133}
  m_Center: {x: -0.32676548, y: 0.43941247, z: -0.0005405992}
--- !u!54 &5840866220090983687
Rigidbody:
  m_ObjectHideFlags: 0
  m_CorrespondingSourceObject: {fileID: 0}
  m_PrefabInstance: {fileID: 0}
  m_PrefabAsset: {fileID: 0}
  m_GameObject: {fileID: 796121026920161787}
  serializedVersion: 2
  m_Mass: 5
  m_Drag: 0
  m_AngularDrag: 0.05
  m_UseGravity: 1
  m_IsKinematic: 0
  m_Interpolate: 0
  m_Constraints: 0
  m_CollisionDetection: 0
--- !u!114 &4132701585451975347
MonoBehaviour:
  m_ObjectHideFlags: 0
  m_CorrespondingSourceObject: {fileID: 0}
  m_PrefabInstance: {fileID: 0}
  m_PrefabAsset: {fileID: 0}
  m_GameObject: {fileID: 796121026920161787}
  m_Enabled: 1
  m_EditorHideFlags: 0
  m_Script: {fileID: 11500000, guid: f6d19a35179e3cd40af59f06ae4c594f, type: 3}
  m_Name: 
  m_EditorClassIdentifier: 
  breakingForce: 10
--- !u!1 &1091737514294149050
GameObject:
  m_ObjectHideFlags: 0
  m_CorrespondingSourceObject: {fileID: 0}
  m_PrefabInstance: {fileID: 0}
  m_PrefabAsset: {fileID: 0}
  serializedVersion: 6
  m_Component:
  - component: {fileID: 6853138485761337657}
  - component: {fileID: 7678070944494988876}
  - component: {fileID: 2010851940872652210}
  - component: {fileID: 1187787758783925277}
  m_Layer: 0
  m_Name: Fence  (100)
  m_TagString: Untagged
  m_Icon: {fileID: 0}
  m_NavMeshLayer: 0
  m_StaticEditorFlags: 18
  m_IsActive: 1
--- !u!4 &6853138485761337657
Transform:
  m_ObjectHideFlags: 0
  m_CorrespondingSourceObject: {fileID: 0}
  m_PrefabInstance: {fileID: 0}
  m_PrefabAsset: {fileID: 0}
  m_GameObject: {fileID: 1091737514294149050}
  m_LocalRotation: {x: -0, y: -0.7071068, z: -0, w: -0.7071068}
  m_LocalPosition: {x: -5.0790405, y: -2.6943054, z: -0.09423828}
  m_LocalScale: {x: 1, y: 1, z: 1}
  m_Children:
  - {fileID: 6499904191850693112}
  m_Father: {fileID: 3487930203421438614}
  m_RootOrder: 8
  m_LocalEulerAnglesHint: {x: 0, y: -270, z: 0}
--- !u!65 &7678070944494988876
BoxCollider:
  m_ObjectHideFlags: 0
  m_CorrespondingSourceObject: {fileID: 0}
  m_PrefabInstance: {fileID: 0}
  m_PrefabAsset: {fileID: 0}
  m_GameObject: {fileID: 1091737514294149050}
  m_Material: {fileID: 0}
  m_IsTrigger: 0
  m_Enabled: 1
  serializedVersion: 2
  m_Size: {x: 1.0229595, y: 0.5507934, z: 0.14356133}
  m_Center: {x: -0.2903582, y: 0.43372142, z: -0.0005405992}
--- !u!54 &2010851940872652210
Rigidbody:
  m_ObjectHideFlags: 0
  m_CorrespondingSourceObject: {fileID: 0}
  m_PrefabInstance: {fileID: 0}
  m_PrefabAsset: {fileID: 0}
  m_GameObject: {fileID: 1091737514294149050}
  serializedVersion: 2
  m_Mass: 5
  m_Drag: 0
  m_AngularDrag: 0.05
  m_UseGravity: 1
  m_IsKinematic: 0
  m_Interpolate: 0
  m_Constraints: 0
  m_CollisionDetection: 0
--- !u!114 &1187787758783925277
MonoBehaviour:
  m_ObjectHideFlags: 0
  m_CorrespondingSourceObject: {fileID: 0}
  m_PrefabInstance: {fileID: 0}
  m_PrefabAsset: {fileID: 0}
  m_GameObject: {fileID: 1091737514294149050}
  m_Enabled: 1
  m_EditorHideFlags: 0
  m_Script: {fileID: 11500000, guid: f6d19a35179e3cd40af59f06ae4c594f, type: 3}
  m_Name: 
  m_EditorClassIdentifier: 
  breakingForce: 10
--- !u!1 &1143257473597558700
GameObject:
  m_ObjectHideFlags: 0
  m_CorrespondingSourceObject: {fileID: 0}
  m_PrefabInstance: {fileID: 0}
  m_PrefabAsset: {fileID: 0}
  serializedVersion: 6
  m_Component:
  - component: {fileID: 3820258136667651576}
  - component: {fileID: 3436465863344357605}
  - component: {fileID: 7185280019615361478}
  - component: {fileID: 185565433399445179}
  m_Layer: 0
  m_Name: CL_ImagePlaneCube_1_SeamsColor
  m_TagString: Untagged
  m_Icon: {fileID: 0}
  m_NavMeshLayer: 0
  m_StaticEditorFlags: 18
  m_IsActive: 1
--- !u!4 &3820258136667651576
Transform:
  m_ObjectHideFlags: 0
  m_CorrespondingSourceObject: {fileID: 0}
  m_PrefabInstance: {fileID: 0}
  m_PrefabAsset: {fileID: 0}
  m_GameObject: {fileID: 1143257473597558700}
  m_LocalRotation: {x: 0.00000008146034, y: 0, z: -0, w: 1}
  m_LocalPosition: {x: -0, y: 0, z: 0}
  m_LocalScale: {x: 32.983303, y: 32.983303, z: 32.983303}
  m_Children: []
  m_Father: {fileID: 3470931438899516729}
  m_RootOrder: 0
  m_LocalEulerAnglesHint: {x: 0, y: 0, z: 0}
--- !u!33 &3436465863344357605
MeshFilter:
  m_ObjectHideFlags: 0
  m_CorrespondingSourceObject: {fileID: 0}
  m_PrefabInstance: {fileID: 0}
  m_PrefabAsset: {fileID: 0}
  m_GameObject: {fileID: 1143257473597558700}
  m_Mesh: {fileID: -7806382804995507746, guid: 16b7a62e8072ad04e8a0382480efb52d, type: 3}
--- !u!23 &7185280019615361478
MeshRenderer:
  m_ObjectHideFlags: 0
  m_CorrespondingSourceObject: {fileID: 0}
  m_PrefabInstance: {fileID: 0}
  m_PrefabAsset: {fileID: 0}
  m_GameObject: {fileID: 1143257473597558700}
  m_Enabled: 1
  m_CastShadows: 1
  m_ReceiveShadows: 1
  m_DynamicOccludee: 1
  m_MotionVectors: 1
  m_LightProbeUsage: 1
  m_ReflectionProbeUsage: 1
  m_RayTracingMode: 2
  m_RayTraceProcedural: 0
  m_RenderingLayerMask: 1
  m_RendererPriority: 0
  m_Materials:
  - {fileID: 2100000, guid: 090f43223cfe2c94c99aa073433645b7, type: 2}
  m_StaticBatchInfo:
    firstSubMesh: 0
    subMeshCount: 0
  m_StaticBatchRoot: {fileID: 0}
  m_ProbeAnchor: {fileID: 0}
  m_LightProbeVolumeOverride: {fileID: 0}
  m_ScaleInLightmap: 1
  m_ReceiveGI: 1
  m_PreserveUVs: 0
  m_IgnoreNormalsForChartDetection: 0
  m_ImportantGI: 0
  m_StitchLightmapSeams: 1
  m_SelectedEditorRenderState: 3
  m_MinimumChartSize: 4
  m_AutoUVMaxDistance: 0.5
  m_AutoUVMaxAngle: 89
  m_LightmapParameters: {fileID: 0}
  m_SortingLayerID: 0
  m_SortingLayer: 0
  m_SortingOrder: 0
  m_AdditionalVertexStreams: {fileID: 0}
--- !u!205 &185565433399445179
LODGroup:
  m_ObjectHideFlags: 0
  m_CorrespondingSourceObject: {fileID: 0}
  m_PrefabInstance: {fileID: 0}
  m_PrefabAsset: {fileID: 0}
  m_GameObject: {fileID: 1143257473597558700}
  serializedVersion: 2
  m_LocalReferencePoint: {x: -0.005250212, y: 0.009636407, z: 0.00027470174}
  m_Size: 0.0380672
  m_FadeMode: 0
  m_AnimateCrossFading: 0
  m_LastLODIsBillboard: 0
  m_LODs:
  - screenRelativeHeight: 0.011262121
    fadeTransitionWidth: 0
    renderers:
    - renderer: {fileID: 7185280019615361478}
  m_Enabled: 1
--- !u!1 &1645166196685876836
GameObject:
  m_ObjectHideFlags: 0
  m_CorrespondingSourceObject: {fileID: 0}
  m_PrefabInstance: {fileID: 0}
  m_PrefabAsset: {fileID: 0}
  serializedVersion: 6
  m_Component:
  - component: {fileID: 5109705038164768999}
  - component: {fileID: 8322529328404791186}
  - component: {fileID: 4571422255938760862}
  - component: {fileID: 6105502576990577949}
  m_Layer: 0
  m_Name: Fence  (92)
  m_TagString: Untagged
  m_Icon: {fileID: 0}
  m_NavMeshLayer: 0
  m_StaticEditorFlags: 18
  m_IsActive: 1
--- !u!4 &5109705038164768999
Transform:
  m_ObjectHideFlags: 0
  m_CorrespondingSourceObject: {fileID: 0}
  m_PrefabInstance: {fileID: 0}
  m_PrefabAsset: {fileID: 0}
  m_GameObject: {fileID: 1645166196685876836}
  m_LocalRotation: {x: -0, y: -0.73282355, z: -0, w: 0.6804188}
  m_LocalPosition: {x: -5.1620483, y: -2.6943054, z: 9.115784}
  m_LocalScale: {x: 1, y: 1, z: 1}
  m_Children:
  - {fileID: 4883626996533039142}
  m_Father: {fileID: 3487930203421438614}
  m_RootOrder: 0
  m_LocalEulerAnglesHint: {x: 0, y: -94.247, z: 0}
--- !u!65 &8322529328404791186
BoxCollider:
  m_ObjectHideFlags: 0
  m_CorrespondingSourceObject: {fileID: 0}
  m_PrefabInstance: {fileID: 0}
  m_PrefabAsset: {fileID: 0}
  m_GameObject: {fileID: 1645166196685876836}
  m_Material: {fileID: 0}
  m_IsTrigger: 0
  m_Enabled: 1
  serializedVersion: 2
  m_Size: {x: 1.0113926, y: 0.66233516, z: 0.14356133}
  m_Center: {x: -0.18312687, y: 0.37795055, z: -0.00054059864}
--- !u!54 &4571422255938760862
Rigidbody:
  m_ObjectHideFlags: 0
  m_CorrespondingSourceObject: {fileID: 0}
  m_PrefabInstance: {fileID: 0}
  m_PrefabAsset: {fileID: 0}
  m_GameObject: {fileID: 1645166196685876836}
  serializedVersion: 2
  m_Mass: 5
  m_Drag: 0
  m_AngularDrag: 0.05
  m_UseGravity: 1
  m_IsKinematic: 0
  m_Interpolate: 0
  m_Constraints: 0
  m_CollisionDetection: 0
--- !u!114 &6105502576990577949
MonoBehaviour:
  m_ObjectHideFlags: 0
  m_CorrespondingSourceObject: {fileID: 0}
  m_PrefabInstance: {fileID: 0}
  m_PrefabAsset: {fileID: 0}
  m_GameObject: {fileID: 1645166196685876836}
  m_Enabled: 1
  m_EditorHideFlags: 0
  m_Script: {fileID: 11500000, guid: f6d19a35179e3cd40af59f06ae4c594f, type: 3}
  m_Name: 
  m_EditorClassIdentifier: 
  breakingForce: 10
--- !u!1 &2223292402945273303
GameObject:
  m_ObjectHideFlags: 0
  m_CorrespondingSourceObject: {fileID: 0}
  m_PrefabInstance: {fileID: 0}
  m_PrefabAsset: {fileID: 0}
  serializedVersion: 6
  m_Component:
  - component: {fileID: 5685553674806639444}
  - component: {fileID: 8895142583379426337}
  - component: {fileID: 8966902061385078435}
  - component: {fileID: 2440127976185830558}
  m_Layer: 0
  m_Name: Fence  (96)
  m_TagString: Untagged
  m_Icon: {fileID: 0}
  m_NavMeshLayer: 0
  m_StaticEditorFlags: 18
  m_IsActive: 1
--- !u!4 &5685553674806639444
Transform:
  m_ObjectHideFlags: 0
  m_CorrespondingSourceObject: {fileID: 0}
  m_PrefabInstance: {fileID: 0}
  m_PrefabAsset: {fileID: 0}
  m_GameObject: {fileID: 2223292402945273303}
  m_LocalRotation: {x: -0, y: -0.7071068, z: -0, w: -0.7071068}
  m_LocalPosition: {x: -5.0790405, y: -2.6943054, z: 4.2997437}
  m_LocalScale: {x: 1, y: 1, z: 1}
  m_Children:
  - {fileID: 5460708804453569429}
  m_Father: {fileID: 3487930203421438614}
  m_RootOrder: 4
  m_LocalEulerAnglesHint: {x: 0, y: -270, z: 0}
--- !u!65 &8895142583379426337
BoxCollider:
  m_ObjectHideFlags: 0
  m_CorrespondingSourceObject: {fileID: 0}
  m_PrefabInstance: {fileID: 0}
  m_PrefabAsset: {fileID: 0}
  m_GameObject: {fileID: 2223292402945273303}
  m_Material: {fileID: 0}
  m_IsTrigger: 0
  m_Enabled: 1
  serializedVersion: 2
  m_Size: {x: 0.97470903, y: 0.52802944, z: 0.14356133}
  m_Center: {x: -0.3144834, y: 0.4451034, z: -0.0005405992}
--- !u!54 &8966902061385078435
Rigidbody:
  m_ObjectHideFlags: 0
  m_CorrespondingSourceObject: {fileID: 0}
  m_PrefabInstance: {fileID: 0}
  m_PrefabAsset: {fileID: 0}
  m_GameObject: {fileID: 2223292402945273303}
  serializedVersion: 2
  m_Mass: 5
  m_Drag: 0
  m_AngularDrag: 0.05
  m_UseGravity: 1
  m_IsKinematic: 0
  m_Interpolate: 0
  m_Constraints: 0
  m_CollisionDetection: 0
--- !u!114 &2440127976185830558
MonoBehaviour:
  m_ObjectHideFlags: 0
  m_CorrespondingSourceObject: {fileID: 0}
  m_PrefabInstance: {fileID: 0}
  m_PrefabAsset: {fileID: 0}
  m_GameObject: {fileID: 2223292402945273303}
  m_Enabled: 1
  m_EditorHideFlags: 0
  m_Script: {fileID: 11500000, guid: f6d19a35179e3cd40af59f06ae4c594f, type: 3}
  m_Name: 
  m_EditorClassIdentifier: 
  breakingForce: 10
--- !u!1 &2706366283175640344
GameObject:
  m_ObjectHideFlags: 0
  m_CorrespondingSourceObject: {fileID: 0}
  m_PrefabInstance: {fileID: 0}
  m_PrefabAsset: {fileID: 0}
  serializedVersion: 6
  m_Component:
  - component: {fileID: 2258295583394369356}
  - component: {fileID: 424354485636526673}
  - component: {fileID: 5324492041125780338}
  - component: {fileID: 2274535461710132294}
  m_Layer: 0
  m_Name: CL_ImagePlaneCube_1_SeamsColor
  m_TagString: Untagged
  m_Icon: {fileID: 0}
  m_NavMeshLayer: 0
  m_StaticEditorFlags: 18
  m_IsActive: 1
--- !u!4 &2258295583394369356
Transform:
  m_ObjectHideFlags: 0
  m_CorrespondingSourceObject: {fileID: 0}
  m_PrefabInstance: {fileID: 0}
  m_PrefabAsset: {fileID: 0}
  m_GameObject: {fileID: 2706366283175640344}
  m_LocalRotation: {x: 0.00000008146034, y: 0, z: -0, w: 1}
  m_LocalPosition: {x: -0, y: 0, z: 0}
  m_LocalScale: {x: 32.983303, y: 32.983303, z: 32.983303}
  m_Children: []
  m_Father: {fileID: 1907382839163725709}
  m_RootOrder: 0
  m_LocalEulerAnglesHint: {x: 0, y: 0, z: 0}
--- !u!33 &424354485636526673
MeshFilter:
  m_ObjectHideFlags: 0
  m_CorrespondingSourceObject: {fileID: 0}
  m_PrefabInstance: {fileID: 0}
  m_PrefabAsset: {fileID: 0}
  m_GameObject: {fileID: 2706366283175640344}
  m_Mesh: {fileID: -7806382804995507746, guid: 16b7a62e8072ad04e8a0382480efb52d, type: 3}
--- !u!23 &5324492041125780338
MeshRenderer:
  m_ObjectHideFlags: 0
  m_CorrespondingSourceObject: {fileID: 0}
  m_PrefabInstance: {fileID: 0}
  m_PrefabAsset: {fileID: 0}
  m_GameObject: {fileID: 2706366283175640344}
  m_Enabled: 1
  m_CastShadows: 1
  m_ReceiveShadows: 1
  m_DynamicOccludee: 1
  m_MotionVectors: 1
  m_LightProbeUsage: 1
  m_ReflectionProbeUsage: 1
  m_RayTracingMode: 2
  m_RayTraceProcedural: 0
  m_RenderingLayerMask: 1
  m_RendererPriority: 0
  m_Materials:
  - {fileID: 2100000, guid: 090f43223cfe2c94c99aa073433645b7, type: 2}
  m_StaticBatchInfo:
    firstSubMesh: 0
    subMeshCount: 0
  m_StaticBatchRoot: {fileID: 0}
  m_ProbeAnchor: {fileID: 0}
  m_LightProbeVolumeOverride: {fileID: 0}
  m_ScaleInLightmap: 1
  m_ReceiveGI: 1
  m_PreserveUVs: 0
  m_IgnoreNormalsForChartDetection: 0
  m_ImportantGI: 0
  m_StitchLightmapSeams: 1
  m_SelectedEditorRenderState: 3
  m_MinimumChartSize: 4
  m_AutoUVMaxDistance: 0.5
  m_AutoUVMaxAngle: 89
  m_LightmapParameters: {fileID: 0}
  m_SortingLayerID: 0
  m_SortingLayer: 0
  m_SortingOrder: 0
  m_AdditionalVertexStreams: {fileID: 0}
--- !u!205 &2274535461710132294
LODGroup:
  m_ObjectHideFlags: 0
  m_CorrespondingSourceObject: {fileID: 0}
  m_PrefabInstance: {fileID: 0}
  m_PrefabAsset: {fileID: 0}
  m_GameObject: {fileID: 2706366283175640344}
  serializedVersion: 2
  m_LocalReferencePoint: {x: -0.005250197, y: 0.009636407, z: 0.00027467194}
  m_Size: 0.0380672
  m_FadeMode: 0
  m_AnimateCrossFading: 0
  m_LastLODIsBillboard: 0
  m_LODs:
  - screenRelativeHeight: 0.008887325
    fadeTransitionWidth: 0
    renderers:
    - renderer: {fileID: 5324492041125780338}
  m_Enabled: 1
--- !u!1 &2967242883272223196
GameObject:
  m_ObjectHideFlags: 0
  m_CorrespondingSourceObject: {fileID: 0}
  m_PrefabInstance: {fileID: 0}
  m_PrefabAsset: {fileID: 0}
  serializedVersion: 6
  m_Component:
  - component: {fileID: 8723577992487092063}
  - component: {fileID: 5514268560657512490}
  - component: {fileID: 7367025063038829603}
  - component: {fileID: 3740822586730205014}
  m_Layer: 0
  m_Name: Fence  (102)
  m_TagString: Untagged
  m_Icon: {fileID: 0}
  m_NavMeshLayer: 0
  m_StaticEditorFlags: 18
  m_IsActive: 1
--- !u!4 &8723577992487092063
Transform:
  m_ObjectHideFlags: 0
  m_CorrespondingSourceObject: {fileID: 0}
  m_PrefabInstance: {fileID: 0}
  m_PrefabAsset: {fileID: 0}
  m_GameObject: {fileID: 2967242883272223196}
  m_LocalRotation: {x: -0, y: -0.7071068, z: -0, w: -0.7071068}
  m_LocalPosition: {x: -5.0790405, y: -2.6943054, z: -2.2302246}
  m_LocalScale: {x: 1, y: 1, z: 1}
  m_Children:
  - {fileID: 8952925981733164958}
  m_Father: {fileID: 3487930203421438614}
  m_RootOrder: 10
  m_LocalEulerAnglesHint: {x: 0, y: -270, z: 0}
--- !u!65 &5514268560657512490
BoxCollider:
  m_ObjectHideFlags: 0
  m_CorrespondingSourceObject: {fileID: 0}
  m_PrefabInstance: {fileID: 0}
  m_PrefabAsset: {fileID: 0}
  m_GameObject: {fileID: 2967242883272223196}
  m_Material: {fileID: 0}
  m_IsTrigger: 0
  m_Enabled: 1
  serializedVersion: 2
  m_Size: {x: 0.98574275, y: 0.51209474, z: 0.14356133}
  m_Center: {x: -0.30896655, y: 0.45307076, z: -0.0005405992}
--- !u!54 &7367025063038829603
Rigidbody:
  m_ObjectHideFlags: 0
  m_CorrespondingSourceObject: {fileID: 0}
  m_PrefabInstance: {fileID: 0}
  m_PrefabAsset: {fileID: 0}
  m_GameObject: {fileID: 2967242883272223196}
  serializedVersion: 2
  m_Mass: 5
  m_Drag: 0
  m_AngularDrag: 0.05
  m_UseGravity: 1
  m_IsKinematic: 0
  m_Interpolate: 0
  m_Constraints: 0
  m_CollisionDetection: 0
--- !u!114 &3740822586730205014
MonoBehaviour:
  m_ObjectHideFlags: 0
  m_CorrespondingSourceObject: {fileID: 0}
  m_PrefabInstance: {fileID: 0}
  m_PrefabAsset: {fileID: 0}
  m_GameObject: {fileID: 2967242883272223196}
  m_Enabled: 1
  m_EditorHideFlags: 0
  m_Script: {fileID: 11500000, guid: f6d19a35179e3cd40af59f06ae4c594f, type: 3}
  m_Name: 
  m_EditorClassIdentifier: 
  breakingForce: 10
--- !u!1 &3123136615386026375
GameObject:
  m_ObjectHideFlags: 0
  m_CorrespondingSourceObject: {fileID: 0}
  m_PrefabInstance: {fileID: 0}
  m_PrefabAsset: {fileID: 0}
  serializedVersion: 6
  m_Component:
  - component: {fileID: 8892920882184128260}
  - component: {fileID: 5691636854395158641}
  - component: {fileID: 4753293928120601531}
  - component: {fileID: 8950110826420383205}
  m_Layer: 0
  m_Name: Fence  (101)
  m_TagString: Untagged
  m_Icon: {fileID: 0}
  m_NavMeshLayer: 0
  m_StaticEditorFlags: 18
  m_IsActive: 1
--- !u!4 &8892920882184128260
Transform:
  m_ObjectHideFlags: 0
  m_CorrespondingSourceObject: {fileID: 0}
  m_PrefabInstance: {fileID: 0}
  m_PrefabAsset: {fileID: 0}
  m_GameObject: {fileID: 3123136615386026375}
  m_LocalRotation: {x: -0, y: -0.7071068, z: -0, w: -0.7071068}
  m_LocalPosition: {x: -5.0790405, y: -2.6943054, z: -1.1872559}
  m_LocalScale: {x: 1, y: 1, z: 1}
  m_Children:
  - {fileID: 9098803025550815173}
  m_Father: {fileID: 3487930203421438614}
  m_RootOrder: 9
  m_LocalEulerAnglesHint: {x: 0, y: -270, z: 0}
--- !u!65 &5691636854395158641
BoxCollider:
  m_ObjectHideFlags: 0
  m_CorrespondingSourceObject: {fileID: 0}
  m_PrefabInstance: {fileID: 0}
  m_PrefabAsset: {fileID: 0}
  m_GameObject: {fileID: 3123136615386026375}
  m_Material: {fileID: 0}
  m_IsTrigger: 0
  m_Enabled: 1
  serializedVersion: 2
  m_Size: {x: 0.9581591, y: 0.53030586, z: 0.14356133}
  m_Center: {x: -0.32275838, y: 0.4439652, z: -0.0005405992}
--- !u!54 &4753293928120601531
Rigidbody:
  m_ObjectHideFlags: 0
  m_CorrespondingSourceObject: {fileID: 0}
  m_PrefabInstance: {fileID: 0}
  m_PrefabAsset: {fileID: 0}
  m_GameObject: {fileID: 3123136615386026375}
  serializedVersion: 2
  m_Mass: 5
  m_Drag: 0
  m_AngularDrag: 0.05
  m_UseGravity: 1
  m_IsKinematic: 0
  m_Interpolate: 0
  m_Constraints: 0
  m_CollisionDetection: 0
--- !u!114 &8950110826420383205
MonoBehaviour:
  m_ObjectHideFlags: 0
  m_CorrespondingSourceObject: {fileID: 0}
  m_PrefabInstance: {fileID: 0}
  m_PrefabAsset: {fileID: 0}
  m_GameObject: {fileID: 3123136615386026375}
  m_Enabled: 1
  m_EditorHideFlags: 0
  m_Script: {fileID: 11500000, guid: f6d19a35179e3cd40af59f06ae4c594f, type: 3}
  m_Name: 
  m_EditorClassIdentifier: 
  breakingForce: 10
--- !u!1 &3563770874329510092
GameObject:
  m_ObjectHideFlags: 0
  m_CorrespondingSourceObject: {fileID: 0}
  m_PrefabInstance: {fileID: 0}
  m_PrefabAsset: {fileID: 0}
  serializedVersion: 6
  m_Component:
  - component: {fileID: 841307467102159512}
  - component: {fileID: 1231843732705869701}
  - component: {fileID: 6710251553321539238}
  - component: {fileID: 992175743737798936}
  m_Layer: 0
  m_Name: CL_ImagePlaneCube_1_SeamsColor
  m_TagString: Untagged
  m_Icon: {fileID: 0}
  m_NavMeshLayer: 0
  m_StaticEditorFlags: 18
  m_IsActive: 1
--- !u!4 &841307467102159512
Transform:
  m_ObjectHideFlags: 0
  m_CorrespondingSourceObject: {fileID: 0}
  m_PrefabInstance: {fileID: 0}
  m_PrefabAsset: {fileID: 0}
  m_GameObject: {fileID: 3563770874329510092}
  m_LocalRotation: {x: 0.00000008146034, y: 0, z: -0, w: 1}
  m_LocalPosition: {x: -0, y: 0, z: 0}
  m_LocalScale: {x: 32.983303, y: 32.983303, z: 32.983303}
  m_Children: []
  m_Father: {fileID: 1045853154187127385}
  m_RootOrder: 0
  m_LocalEulerAnglesHint: {x: 0, y: 0, z: 0}
--- !u!33 &1231843732705869701
MeshFilter:
  m_ObjectHideFlags: 0
  m_CorrespondingSourceObject: {fileID: 0}
  m_PrefabInstance: {fileID: 0}
  m_PrefabAsset: {fileID: 0}
  m_GameObject: {fileID: 3563770874329510092}
  m_Mesh: {fileID: -7806382804995507746, guid: 16b7a62e8072ad04e8a0382480efb52d, type: 3}
--- !u!23 &6710251553321539238
MeshRenderer:
  m_ObjectHideFlags: 0
  m_CorrespondingSourceObject: {fileID: 0}
  m_PrefabInstance: {fileID: 0}
  m_PrefabAsset: {fileID: 0}
  m_GameObject: {fileID: 3563770874329510092}
  m_Enabled: 1
  m_CastShadows: 1
  m_ReceiveShadows: 1
  m_DynamicOccludee: 1
  m_MotionVectors: 1
  m_LightProbeUsage: 1
  m_ReflectionProbeUsage: 1
  m_RayTracingMode: 2
  m_RayTraceProcedural: 0
  m_RenderingLayerMask: 1
  m_RendererPriority: 0
  m_Materials:
  - {fileID: 2100000, guid: 090f43223cfe2c94c99aa073433645b7, type: 2}
  m_StaticBatchInfo:
    firstSubMesh: 0
    subMeshCount: 0
  m_StaticBatchRoot: {fileID: 0}
  m_ProbeAnchor: {fileID: 0}
  m_LightProbeVolumeOverride: {fileID: 0}
  m_ScaleInLightmap: 1
  m_ReceiveGI: 1
  m_PreserveUVs: 0
  m_IgnoreNormalsForChartDetection: 0
  m_ImportantGI: 0
  m_StitchLightmapSeams: 1
  m_SelectedEditorRenderState: 3
  m_MinimumChartSize: 4
  m_AutoUVMaxDistance: 0.5
  m_AutoUVMaxAngle: 89
  m_LightmapParameters: {fileID: 0}
  m_SortingLayerID: 0
  m_SortingLayer: 0
  m_SortingOrder: 0
  m_AdditionalVertexStreams: {fileID: 0}
--- !u!205 &992175743737798936
LODGroup:
  m_ObjectHideFlags: 0
  m_CorrespondingSourceObject: {fileID: 0}
  m_PrefabInstance: {fileID: 0}
  m_PrefabAsset: {fileID: 0}
  m_GameObject: {fileID: 3563770874329510092}
  serializedVersion: 2
  m_LocalReferencePoint: {x: -0.0052502267, y: 0.009636407, z: 0.00027470174}
  m_Size: 0.0380672
  m_FadeMode: 0
  m_AnimateCrossFading: 0
  m_LastLODIsBillboard: 0
  m_LODs:
  - screenRelativeHeight: 0.0059916046
    fadeTransitionWidth: 0
    renderers:
    - renderer: {fileID: 6710251553321539238}
  m_Enabled: 1
--- !u!1 &3578915969762460345
GameObject:
  m_ObjectHideFlags: 0
  m_CorrespondingSourceObject: {fileID: 0}
  m_PrefabInstance: {fileID: 0}
  m_PrefabAsset: {fileID: 0}
  serializedVersion: 6
  m_Component:
  - component: {fileID: 7032161104642872378}
  - component: {fileID: 6053260906002731855}
  - component: {fileID: 9169135101476022465}
  - component: {fileID: 7061901633739256492}
  m_Layer: 0
  m_Name: Fence  (98)
  m_TagString: Untagged
  m_Icon: {fileID: 0}
  m_NavMeshLayer: 0
  m_StaticEditorFlags: 18
  m_IsActive: 1
--- !u!4 &7032161104642872378
Transform:
  m_ObjectHideFlags: 0
  m_CorrespondingSourceObject: {fileID: 0}
  m_PrefabInstance: {fileID: 0}
  m_PrefabAsset: {fileID: 0}
  m_GameObject: {fileID: 3578915969762460345}
  m_LocalRotation: {x: -0, y: -0.7071068, z: -0, w: -0.7071068}
  m_LocalPosition: {x: -5.0790405, y: -2.6943054, z: 2.0767822}
  m_LocalScale: {x: 1, y: 1, z: 1}
  m_Children:
  - {fileID: 7257603629090553083}
  m_Father: {fileID: 3487930203421438614}
  m_RootOrder: 6
  m_LocalEulerAnglesHint: {x: 0, y: -270, z: 0}
--- !u!65 &6053260906002731855
BoxCollider:
  m_ObjectHideFlags: 0
  m_CorrespondingSourceObject: {fileID: 0}
  m_PrefabInstance: {fileID: 0}
  m_PrefabAsset: {fileID: 0}
  m_GameObject: {fileID: 3578915969762460345}
  m_Material: {fileID: 0}
  m_IsTrigger: 0
  m_Enabled: 1
  serializedVersion: 2
  m_Size: {x: 1.0181695, y: 0.5394113, z: 0.14356133}
  m_Center: {x: -0.29275316, y: 0.43941247, z: -0.0005405992}
--- !u!54 &9169135101476022465
Rigidbody:
  m_ObjectHideFlags: 0
  m_CorrespondingSourceObject: {fileID: 0}
  m_PrefabInstance: {fileID: 0}
  m_PrefabAsset: {fileID: 0}
  m_GameObject: {fileID: 3578915969762460345}
  serializedVersion: 2
  m_Mass: 5
  m_Drag: 0
  m_AngularDrag: 0.05
  m_UseGravity: 1
  m_IsKinematic: 0
  m_Interpolate: 0
  m_Constraints: 0
  m_CollisionDetection: 0
--- !u!114 &7061901633739256492
MonoBehaviour:
  m_ObjectHideFlags: 0
  m_CorrespondingSourceObject: {fileID: 0}
  m_PrefabInstance: {fileID: 0}
  m_PrefabAsset: {fileID: 0}
  m_GameObject: {fileID: 3578915969762460345}
  m_Enabled: 1
  m_EditorHideFlags: 0
  m_Script: {fileID: 11500000, guid: f6d19a35179e3cd40af59f06ae4c594f, type: 3}
  m_Name: 
  m_EditorClassIdentifier: 
  breakingForce: 10
--- !u!1 &4063887691336200006
GameObject:
  m_ObjectHideFlags: 0
  m_CorrespondingSourceObject: {fileID: 0}
  m_PrefabInstance: {fileID: 0}
  m_PrefabAsset: {fileID: 0}
  serializedVersion: 6
  m_Component:
  - component: {fileID: 7518838787796482501}
  - component: {fileID: 6759491783749172912}
  - component: {fileID: 5423645003511737911}
  - component: {fileID: 2740333688243788305}
  m_Layer: 0
  m_Name: Fence  (99)
  m_TagString: Untagged
  m_Icon: {fileID: 0}
  m_NavMeshLayer: 0
  m_StaticEditorFlags: 18
  m_IsActive: 1
--- !u!4 &7518838787796482501
Transform:
  m_ObjectHideFlags: 0
  m_CorrespondingSourceObject: {fileID: 0}
  m_PrefabInstance: {fileID: 0}
  m_PrefabAsset: {fileID: 0}
  m_GameObject: {fileID: 4063887691336200006}
  m_LocalRotation: {x: -0, y: -0.7071068, z: -0, w: -0.7071068}
  m_LocalPosition: {x: -5.0790405, y: -2.6943054, z: 0.9987793}
  m_LocalScale: {x: 1, y: 1, z: 1}
  m_Children:
  - {fileID: 7887836229654286596}
  m_Father: {fileID: 3487930203421438614}
  m_RootOrder: 7
  m_LocalEulerAnglesHint: {x: 0, y: -270, z: 0}
--- !u!65 &6759491783749172912
BoxCollider:
  m_ObjectHideFlags: 0
  m_CorrespondingSourceObject: {fileID: 0}
  m_PrefabInstance: {fileID: 0}
  m_PrefabAsset: {fileID: 0}
  m_GameObject: {fileID: 4063887691336200006}
  m_Material: {fileID: 0}
  m_IsTrigger: 0
  m_Enabled: 1
  serializedVersion: 2
  m_Size: {x: 1.0149493, y: 0.5507932, z: 0.14356133}
  m_Center: {x: -0.29436326, y: 0.43372154, z: -0.0005405992}
--- !u!54 &5423645003511737911
Rigidbody:
  m_ObjectHideFlags: 0
  m_CorrespondingSourceObject: {fileID: 0}
  m_PrefabInstance: {fileID: 0}
  m_PrefabAsset: {fileID: 0}
  m_GameObject: {fileID: 4063887691336200006}
  serializedVersion: 2
  m_Mass: 5
  m_Drag: 0
  m_AngularDrag: 0.05
  m_UseGravity: 1
  m_IsKinematic: 0
  m_Interpolate: 0
  m_Constraints: 0
  m_CollisionDetection: 0
--- !u!114 &2740333688243788305
MonoBehaviour:
  m_ObjectHideFlags: 0
  m_CorrespondingSourceObject: {fileID: 0}
  m_PrefabInstance: {fileID: 0}
  m_PrefabAsset: {fileID: 0}
  m_GameObject: {fileID: 4063887691336200006}
  m_Enabled: 1
  m_EditorHideFlags: 0
  m_Script: {fileID: 11500000, guid: f6d19a35179e3cd40af59f06ae4c594f, type: 3}
  m_Name: 
  m_EditorClassIdentifier: 
  breakingForce: 10
--- !u!1 &4159629953923743793
GameObject:
  m_ObjectHideFlags: 0
  m_CorrespondingSourceObject: {fileID: 0}
  m_PrefabInstance: {fileID: 0}
  m_PrefabAsset: {fileID: 0}
  serializedVersion: 6
  m_Component:
  - component: {fileID: 7603313392695613106}
  - component: {fileID: 6634546361332421063}
  - component: {fileID: 3829168638087749453}
  - component: {fileID: 3687900112359309776}
  m_Layer: 0
  m_Name: Fence  (104)
  m_TagString: Untagged
  m_Icon: {fileID: 0}
  m_NavMeshLayer: 0
  m_StaticEditorFlags: 18
  m_IsActive: 1
--- !u!4 &7603313392695613106
Transform:
  m_ObjectHideFlags: 0
  m_CorrespondingSourceObject: {fileID: 0}
  m_PrefabInstance: {fileID: 0}
  m_PrefabAsset: {fileID: 0}
  m_GameObject: {fileID: 4159629953923743793}
  m_LocalRotation: {x: -0, y: -0.7071068, z: -0, w: -0.7071068}
  m_LocalPosition: {x: -5.0790405, y: -2.6943054, z: -4.4192505}
  m_LocalScale: {x: 1, y: 1, z: 1}
  m_Children:
  - {fileID: 7830374878491328115}
  m_Father: {fileID: 3487930203421438614}
  m_RootOrder: 12
  m_LocalEulerAnglesHint: {x: 0, y: -270, z: 0}
--- !u!65 &6634546361332421063
BoxCollider:
  m_ObjectHideFlags: 0
  m_CorrespondingSourceObject: {fileID: 0}
  m_PrefabInstance: {fileID: 0}
  m_PrefabAsset: {fileID: 0}
  m_GameObject: {fileID: 4159629953923743793}
  m_Material: {fileID: 0}
  m_IsTrigger: 0
  m_Enabled: 1
  serializedVersion: 2
  m_Size: {x: 0.91969323, y: 0.525753, z: 0.14356133}
  m_Center: {x: -0.13727647, y: 0.44624162, z: -0.0005405992}
--- !u!54 &3829168638087749453
Rigidbody:
  m_ObjectHideFlags: 0
  m_CorrespondingSourceObject: {fileID: 0}
  m_PrefabInstance: {fileID: 0}
  m_PrefabAsset: {fileID: 0}
  m_GameObject: {fileID: 4159629953923743793}
  serializedVersion: 2
  m_Mass: 5
  m_Drag: 0
  m_AngularDrag: 0.05
  m_UseGravity: 1
  m_IsKinematic: 0
  m_Interpolate: 0
  m_Constraints: 0
  m_CollisionDetection: 0
--- !u!114 &3687900112359309776
MonoBehaviour:
  m_ObjectHideFlags: 0
  m_CorrespondingSourceObject: {fileID: 0}
  m_PrefabInstance: {fileID: 0}
  m_PrefabAsset: {fileID: 0}
  m_GameObject: {fileID: 4159629953923743793}
  m_Enabled: 1
  m_EditorHideFlags: 0
  m_Script: {fileID: 11500000, guid: f6d19a35179e3cd40af59f06ae4c594f, type: 3}
  m_Name: 
  m_EditorClassIdentifier: 
  breakingForce: 10
--- !u!1 &4907620728853942671
GameObject:
  m_ObjectHideFlags: 0
  m_CorrespondingSourceObject: {fileID: 0}
  m_PrefabInstance: {fileID: 0}
  m_PrefabAsset: {fileID: 0}
  serializedVersion: 6
  m_Component:
  - component: {fileID: 3487930203421438614}
  - component: {fileID: -7170052825036697940}
  m_Layer: 0
  m_Name: FenceUnited
  m_TagString: Untagged
  m_Icon: {fileID: 0}
  m_NavMeshLayer: 0
  m_StaticEditorFlags: 18
  m_IsActive: 1
--- !u!4 &3487930203421438614
Transform:
  m_ObjectHideFlags: 0
  m_CorrespondingSourceObject: {fileID: 0}
  m_PrefabInstance: {fileID: 0}
  m_PrefabAsset: {fileID: 0}
  m_GameObject: {fileID: 4907620728853942671}
  m_LocalRotation: {x: -0, y: -0, z: -0, w: 1}
  m_LocalPosition: {x: 0, y: 0, z: 0}
  m_LocalScale: {x: 1, y: 1, z: 1}
  m_Children:
  - {fileID: 5109705038164768999}
  - {fileID: 5897082978010219997}
  - {fileID: 1907382839163725709}
  - {fileID: 1045853154187127385}
  - {fileID: 5685553674806639444}
  - {fileID: 6571314271713441656}
  - {fileID: 7032161104642872378}
  - {fileID: 7518838787796482501}
  - {fileID: 6853138485761337657}
  - {fileID: 8892920882184128260}
  - {fileID: 8723577992487092063}
  - {fileID: 3470931438899516729}
  - {fileID: 7603313392695613106}
  m_Father: {fileID: 0}
  m_RootOrder: 0
  m_LocalEulerAnglesHint: {x: 0, y: 0, z: 0}
--- !u!205 &-7170052825036697940
LODGroup:
  m_ObjectHideFlags: 0
  m_CorrespondingSourceObject: {fileID: 0}
  m_PrefabInstance: {fileID: 0}
  m_PrefabAsset: {fileID: 0}
  m_GameObject: {fileID: 4907620728853942671}
  serializedVersion: 2
  m_LocalReferencePoint: {x: 0, y: 0, z: 0}
  m_Size: 1
  m_FadeMode: 0
  m_AnimateCrossFading: 1
  m_LastLODIsBillboard: 0
  m_LODs:
  - screenRelativeHeight: 0.84706414
    fadeTransitionWidth: 0
    renderers: []
  m_Enabled: 1
--- !u!1 &4943988331655306641
GameObject:
  m_ObjectHideFlags: 0
  m_CorrespondingSourceObject: {fileID: 0}
  m_PrefabInstance: {fileID: 0}
  m_PrefabAsset: {fileID: 0}
  serializedVersion: 6
  m_Component:
  - component: {fileID: 9098803025550815173}
  - component: {fileID: 7273875054600901336}
  - component: {fileID: 2951555091662437371}
  - component: {fileID: 9140238649708184826}
  m_Layer: 0
  m_Name: CL_ImagePlaneCube_1_SeamsColor
  m_TagString: Untagged
  m_Icon: {fileID: 0}
  m_NavMeshLayer: 0
  m_StaticEditorFlags: 18
  m_IsActive: 1
--- !u!4 &9098803025550815173
Transform:
  m_ObjectHideFlags: 0
  m_CorrespondingSourceObject: {fileID: 0}
  m_PrefabInstance: {fileID: 0}
  m_PrefabAsset: {fileID: 0}
  m_GameObject: {fileID: 4943988331655306641}
  m_LocalRotation: {x: 0.00000008146034, y: 0, z: -0, w: 1}
  m_LocalPosition: {x: -0, y: 0, z: 0}
  m_LocalScale: {x: 32.983303, y: 32.983303, z: 32.983303}
  m_Children: []
  m_Father: {fileID: 8892920882184128260}
  m_RootOrder: 0
  m_LocalEulerAnglesHint: {x: 0, y: 0, z: 0}
--- !u!33 &7273875054600901336
MeshFilter:
  m_ObjectHideFlags: 0
  m_CorrespondingSourceObject: {fileID: 0}
  m_PrefabInstance: {fileID: 0}
  m_PrefabAsset: {fileID: 0}
  m_GameObject: {fileID: 4943988331655306641}
  m_Mesh: {fileID: -7806382804995507746, guid: 16b7a62e8072ad04e8a0382480efb52d, type: 3}
--- !u!23 &2951555091662437371
MeshRenderer:
  m_ObjectHideFlags: 0
  m_CorrespondingSourceObject: {fileID: 0}
  m_PrefabInstance: {fileID: 0}
  m_PrefabAsset: {fileID: 0}
  m_GameObject: {fileID: 4943988331655306641}
  m_Enabled: 1
  m_CastShadows: 1
  m_ReceiveShadows: 1
  m_DynamicOccludee: 1
  m_MotionVectors: 1
  m_LightProbeUsage: 1
  m_ReflectionProbeUsage: 1
  m_RayTracingMode: 2
  m_RayTraceProcedural: 0
  m_RenderingLayerMask: 1
  m_RendererPriority: 0
  m_Materials:
  - {fileID: 2100000, guid: 090f43223cfe2c94c99aa073433645b7, type: 2}
  m_StaticBatchInfo:
    firstSubMesh: 0
    subMeshCount: 0
  m_StaticBatchRoot: {fileID: 0}
  m_ProbeAnchor: {fileID: 0}
  m_LightProbeVolumeOverride: {fileID: 0}
  m_ScaleInLightmap: 1
  m_ReceiveGI: 1
  m_PreserveUVs: 0
  m_IgnoreNormalsForChartDetection: 0
  m_ImportantGI: 0
  m_StitchLightmapSeams: 1
  m_SelectedEditorRenderState: 3
  m_MinimumChartSize: 4
  m_AutoUVMaxDistance: 0.5
  m_AutoUVMaxAngle: 89
  m_LightmapParameters: {fileID: 0}
  m_SortingLayerID: 0
  m_SortingLayer: 0
  m_SortingOrder: 0
  m_AdditionalVertexStreams: {fileID: 0}
--- !u!205 &9140238649708184826
LODGroup:
  m_ObjectHideFlags: 0
  m_CorrespondingSourceObject: {fileID: 0}
  m_PrefabInstance: {fileID: 0}
  m_PrefabAsset: {fileID: 0}
  m_GameObject: {fileID: 4943988331655306641}
  serializedVersion: 2
  m_LocalReferencePoint: {x: -0.0052501895, y: 0.009636407, z: 0.00027470174}
  m_Size: 0.0380672
  m_FadeMode: 0
  m_AnimateCrossFading: 0
  m_LastLODIsBillboard: 0
  m_LODs:
  - screenRelativeHeight: 0.008887325
    fadeTransitionWidth: 0
    renderers:
    - renderer: {fileID: 2951555091662437371}
  m_Enabled: 1
--- !u!1 &5108995864179451338
GameObject:
  m_ObjectHideFlags: 0
  m_CorrespondingSourceObject: {fileID: 0}
  m_PrefabInstance: {fileID: 0}
  m_PrefabAsset: {fileID: 0}
  serializedVersion: 6
  m_Component:
  - component: {fileID: 8952925981733164958}
  - component: {fileID: 7389176947741911683}
  - component: {fileID: 3065922399970935712}
  - component: {fileID: 2080524986409609006}
  m_Layer: 0
  m_Name: CL_ImagePlaneCube_1_SeamsColor
  m_TagString: Untagged
  m_Icon: {fileID: 0}
  m_NavMeshLayer: 0
  m_StaticEditorFlags: 18
  m_IsActive: 1
--- !u!4 &8952925981733164958
Transform:
  m_ObjectHideFlags: 0
  m_CorrespondingSourceObject: {fileID: 0}
  m_PrefabInstance: {fileID: 0}
  m_PrefabAsset: {fileID: 0}
  m_GameObject: {fileID: 5108995864179451338}
  m_LocalRotation: {x: 0.00000008146034, y: 0, z: -0, w: 1}
  m_LocalPosition: {x: -0, y: 0, z: 0}
  m_LocalScale: {x: 32.983303, y: 32.983303, z: 32.983303}
  m_Children: []
  m_Father: {fileID: 8723577992487092063}
  m_RootOrder: 0
  m_LocalEulerAnglesHint: {x: 0, y: 0, z: 0}
--- !u!33 &7389176947741911683
MeshFilter:
  m_ObjectHideFlags: 0
  m_CorrespondingSourceObject: {fileID: 0}
  m_PrefabInstance: {fileID: 0}
  m_PrefabAsset: {fileID: 0}
  m_GameObject: {fileID: 5108995864179451338}
  m_Mesh: {fileID: -7806382804995507746, guid: 16b7a62e8072ad04e8a0382480efb52d, type: 3}
--- !u!23 &3065922399970935712
MeshRenderer:
  m_ObjectHideFlags: 0
  m_CorrespondingSourceObject: {fileID: 0}
  m_PrefabInstance: {fileID: 0}
  m_PrefabAsset: {fileID: 0}
  m_GameObject: {fileID: 5108995864179451338}
  m_Enabled: 1
  m_CastShadows: 1
  m_ReceiveShadows: 1
  m_DynamicOccludee: 1
  m_MotionVectors: 1
  m_LightProbeUsage: 1
  m_ReflectionProbeUsage: 1
  m_RayTracingMode: 2
  m_RayTraceProcedural: 0
  m_RenderingLayerMask: 1
  m_RendererPriority: 0
  m_Materials:
  - {fileID: 2100000, guid: 090f43223cfe2c94c99aa073433645b7, type: 2}
  m_StaticBatchInfo:
    firstSubMesh: 0
    subMeshCount: 0
  m_StaticBatchRoot: {fileID: 0}
  m_ProbeAnchor: {fileID: 0}
  m_LightProbeVolumeOverride: {fileID: 0}
  m_ScaleInLightmap: 1
  m_ReceiveGI: 1
  m_PreserveUVs: 0
  m_IgnoreNormalsForChartDetection: 0
  m_ImportantGI: 0
  m_StitchLightmapSeams: 1
  m_SelectedEditorRenderState: 3
  m_MinimumChartSize: 4
  m_AutoUVMaxDistance: 0.5
  m_AutoUVMaxAngle: 89
  m_LightmapParameters: {fileID: 0}
  m_SortingLayerID: 0
  m_SortingLayer: 0
  m_SortingOrder: 0
  m_AdditionalVertexStreams: {fileID: 0}
--- !u!205 &2080524986409609006
LODGroup:
  m_ObjectHideFlags: 0
  m_CorrespondingSourceObject: {fileID: 0}
  m_PrefabInstance: {fileID: 0}
  m_PrefabAsset: {fileID: 0}
  m_GameObject: {fileID: 5108995864179451338}
  serializedVersion: 2
  m_LocalReferencePoint: {x: -0.005250212, y: 0.009636407, z: 0.00027470174}
  m_Size: 0.0380672
  m_FadeMode: 0
  m_AnimateCrossFading: 0
  m_LastLODIsBillboard: 0
  m_LODs:
  - screenRelativeHeight: 0.01028156
    fadeTransitionWidth: 0
    renderers:
    - renderer: {fileID: 3065922399970935712}
  m_Enabled: 1
--- !u!1 &5351963895938625806
GameObject:
  m_ObjectHideFlags: 0
  m_CorrespondingSourceObject: {fileID: 0}
  m_PrefabInstance: {fileID: 0}
  m_PrefabAsset: {fileID: 0}
  serializedVersion: 6
  m_Component:
  - component: {fileID: 1907382839163725709}
  - component: {fileID: 3453877642410090744}
  - component: {fileID: 566016189089545052}
  - component: {fileID: 6091768185180922082}
  m_Layer: 0
  m_Name: Fence  (94)
  m_TagString: Untagged
  m_Icon: {fileID: 0}
  m_NavMeshLayer: 0
  m_StaticEditorFlags: 18
  m_IsActive: 1
--- !u!4 &1907382839163725709
Transform:
  m_ObjectHideFlags: 0
  m_CorrespondingSourceObject: {fileID: 0}
  m_PrefabInstance: {fileID: 0}
  m_PrefabAsset: {fileID: 0}
  m_GameObject: {fileID: 5351963895938625806}
  m_LocalRotation: {x: -0, y: -0.7071068, z: -0, w: -0.7071068}
  m_LocalPosition: {x: -5.0790405, y: -2.6943054, z: 6.484741}
  m_LocalScale: {x: 1, y: 1, z: 1}
  m_Children:
  - {fileID: 2258295583394369356}
  m_Father: {fileID: 3487930203421438614}
  m_RootOrder: 2
  m_LocalEulerAnglesHint: {x: 0, y: -270, z: 0}
--- !u!65 &3453877642410090744
BoxCollider:
  m_ObjectHideFlags: 0
  m_CorrespondingSourceObject: {fileID: 0}
  m_PrefabInstance: {fileID: 0}
  m_PrefabAsset: {fileID: 0}
  m_GameObject: {fileID: 5351963895938625806}
  m_Material: {fileID: 0}
  m_IsTrigger: 0
  m_Enabled: 1
  serializedVersion: 2
  m_Size: {x: 1.022011, y: 0.6168077, z: 0.14356133}
  m_Center: {x: -0.2908324, y: 0.40071428, z: -0.0005405992}
--- !u!54 &566016189089545052
Rigidbody:
  m_ObjectHideFlags: 0
  m_CorrespondingSourceObject: {fileID: 0}
  m_PrefabInstance: {fileID: 0}
  m_PrefabAsset: {fileID: 0}
  m_GameObject: {fileID: 5351963895938625806}
  serializedVersion: 2
  m_Mass: 5
  m_Drag: 0
  m_AngularDrag: 0.05
  m_UseGravity: 1
  m_IsKinematic: 0
  m_Interpolate: 0
  m_Constraints: 0
  m_CollisionDetection: 0
--- !u!114 &6091768185180922082
MonoBehaviour:
  m_ObjectHideFlags: 0
  m_CorrespondingSourceObject: {fileID: 0}
  m_PrefabInstance: {fileID: 0}
  m_PrefabAsset: {fileID: 0}
  m_GameObject: {fileID: 5351963895938625806}
  m_Enabled: 1
  m_EditorHideFlags: 0
  m_Script: {fileID: 11500000, guid: f6d19a35179e3cd40af59f06ae4c594f, type: 3}
  m_Name: 
  m_EditorClassIdentifier: 
  breakingForce: 10
--- !u!1 &6229312137795669031
GameObject:
  m_ObjectHideFlags: 0
  m_CorrespondingSourceObject: {fileID: 0}
  m_PrefabInstance: {fileID: 0}
  m_PrefabAsset: {fileID: 0}
  serializedVersion: 6
  m_Component:
  - component: {fileID: 7830374878491328115}
  - component: {fileID: 8511692800107299694}
  - component: {fileID: 4186204585773394509}
  - component: {fileID: 3238467848830629502}
  m_Layer: 0
  m_Name: CL_ImagePlaneCube_1_SeamsColor
  m_TagString: Untagged
  m_Icon: {fileID: 0}
  m_NavMeshLayer: 0
  m_StaticEditorFlags: 18
  m_IsActive: 1
--- !u!4 &7830374878491328115
Transform:
  m_ObjectHideFlags: 0
  m_CorrespondingSourceObject: {fileID: 0}
  m_PrefabInstance: {fileID: 0}
  m_PrefabAsset: {fileID: 0}
  m_GameObject: {fileID: 6229312137795669031}
  m_LocalRotation: {x: 0.00000008146034, y: 0, z: -0, w: 1}
  m_LocalPosition: {x: -0, y: 0, z: 0}
  m_LocalScale: {x: 32.983303, y: 32.983303, z: 32.983303}
  m_Children: []
  m_Father: {fileID: 7603313392695613106}
  m_RootOrder: 0
  m_LocalEulerAnglesHint: {x: 0, y: 0, z: 0}
--- !u!33 &8511692800107299694
MeshFilter:
  m_ObjectHideFlags: 0
  m_CorrespondingSourceObject: {fileID: 0}
  m_PrefabInstance: {fileID: 0}
  m_PrefabAsset: {fileID: 0}
  m_GameObject: {fileID: 6229312137795669031}
  m_Mesh: {fileID: -7806382804995507746, guid: 16b7a62e8072ad04e8a0382480efb52d, type: 3}
--- !u!23 &4186204585773394509
MeshRenderer:
  m_ObjectHideFlags: 0
  m_CorrespondingSourceObject: {fileID: 0}
  m_PrefabInstance: {fileID: 0}
  m_PrefabAsset: {fileID: 0}
  m_GameObject: {fileID: 6229312137795669031}
  m_Enabled: 1
  m_CastShadows: 1
  m_ReceiveShadows: 1
  m_DynamicOccludee: 1
  m_MotionVectors: 1
  m_LightProbeUsage: 1
  m_ReflectionProbeUsage: 1
  m_RayTracingMode: 2
  m_RayTraceProcedural: 0
  m_RenderingLayerMask: 1
  m_RendererPriority: 0
  m_Materials:
  - {fileID: 2100000, guid: 090f43223cfe2c94c99aa073433645b7, type: 2}
  m_StaticBatchInfo:
    firstSubMesh: 0
    subMeshCount: 0
  m_StaticBatchRoot: {fileID: 0}
  m_ProbeAnchor: {fileID: 0}
  m_LightProbeVolumeOverride: {fileID: 0}
  m_ScaleInLightmap: 1
  m_ReceiveGI: 1
  m_PreserveUVs: 0
  m_IgnoreNormalsForChartDetection: 0
  m_ImportantGI: 0
  m_StitchLightmapSeams: 1
  m_SelectedEditorRenderState: 3
  m_MinimumChartSize: 4
  m_AutoUVMaxDistance: 0.5
  m_AutoUVMaxAngle: 89
  m_LightmapParameters: {fileID: 0}
  m_SortingLayerID: 0
  m_SortingLayer: 0
  m_SortingOrder: 0
  m_AdditionalVertexStreams: {fileID: 0}
--- !u!205 &3238467848830629502
LODGroup:
  m_ObjectHideFlags: 0
  m_CorrespondingSourceObject: {fileID: 0}
  m_PrefabInstance: {fileID: 0}
  m_PrefabAsset: {fileID: 0}
  m_GameObject: {fileID: 6229312137795669031}
  serializedVersion: 2
  m_LocalReferencePoint: {x: -0.005250197, y: 0.009636407, z: 0.00027470174}
  m_Size: 0.0380672
  m_FadeMode: 0
  m_AnimateCrossFading: 0
  m_LastLODIsBillboard: 0
  m_LODs:
  - screenRelativeHeight: 0.008008906
    fadeTransitionWidth: 0
    renderers:
    - renderer: {fileID: 4186204585773394509}
  m_Enabled: 1
--- !u!1 &6318228498012513104
GameObject:
  m_ObjectHideFlags: 0
  m_CorrespondingSourceObject: {fileID: 0}
  m_PrefabInstance: {fileID: 0}
  m_PrefabAsset: {fileID: 0}
  serializedVersion: 6
  m_Component:
  - component: {fileID: 7887836229654286596}
  - component: {fileID: 8629942196696214553}
  - component: {fileID: 4306654904043980090}
  - component: {fileID: 7955639605647174388}
  m_Layer: 0
  m_Name: CL_ImagePlaneCube_1_SeamsColor
  m_TagString: Untagged
  m_Icon: {fileID: 0}
  m_NavMeshLayer: 0
  m_StaticEditorFlags: 18
  m_IsActive: 1
--- !u!4 &7887836229654286596
Transform:
  m_ObjectHideFlags: 0
  m_CorrespondingSourceObject: {fileID: 0}
  m_PrefabInstance: {fileID: 0}
  m_PrefabAsset: {fileID: 0}
  m_GameObject: {fileID: 6318228498012513104}
  m_LocalRotation: {x: 0.00000008146034, y: 0, z: -0, w: 1}
  m_LocalPosition: {x: -0, y: 0, z: 0}
  m_LocalScale: {x: 32.983303, y: 32.983303, z: 32.983303}
  m_Children: []
  m_Father: {fileID: 7518838787796482501}
  m_RootOrder: 0
  m_LocalEulerAnglesHint: {x: 0, y: 0, z: 0}
--- !u!33 &8629942196696214553
MeshFilter:
  m_ObjectHideFlags: 0
  m_CorrespondingSourceObject: {fileID: 0}
  m_PrefabInstance: {fileID: 0}
  m_PrefabAsset: {fileID: 0}
  m_GameObject: {fileID: 6318228498012513104}
  m_Mesh: {fileID: -7806382804995507746, guid: 16b7a62e8072ad04e8a0382480efb52d, type: 3}
--- !u!23 &4306654904043980090
MeshRenderer:
  m_ObjectHideFlags: 0
  m_CorrespondingSourceObject: {fileID: 0}
  m_PrefabInstance: {fileID: 0}
  m_PrefabAsset: {fileID: 0}
  m_GameObject: {fileID: 6318228498012513104}
  m_Enabled: 1
  m_CastShadows: 1
  m_ReceiveShadows: 1
  m_DynamicOccludee: 1
  m_MotionVectors: 1
  m_LightProbeUsage: 1
  m_ReflectionProbeUsage: 1
  m_RayTracingMode: 2
  m_RayTraceProcedural: 0
  m_RenderingLayerMask: 1
  m_RendererPriority: 0
  m_Materials:
  - {fileID: 2100000, guid: 090f43223cfe2c94c99aa073433645b7, type: 2}
  m_StaticBatchInfo:
    firstSubMesh: 0
    subMeshCount: 0
  m_StaticBatchRoot: {fileID: 0}
  m_ProbeAnchor: {fileID: 0}
  m_LightProbeVolumeOverride: {fileID: 0}
  m_ScaleInLightmap: 1
  m_ReceiveGI: 1
  m_PreserveUVs: 0
  m_IgnoreNormalsForChartDetection: 0
  m_ImportantGI: 0
  m_StitchLightmapSeams: 1
  m_SelectedEditorRenderState: 3
  m_MinimumChartSize: 4
  m_AutoUVMaxDistance: 0.5
  m_AutoUVMaxAngle: 89
  m_LightmapParameters: {fileID: 0}
  m_SortingLayerID: 0
  m_SortingLayer: 0
  m_SortingOrder: 0
  m_AdditionalVertexStreams: {fileID: 0}
--- !u!205 &7955639605647174388
LODGroup:
  m_ObjectHideFlags: 0
  m_CorrespondingSourceObject: {fileID: 0}
  m_PrefabInstance: {fileID: 0}
  m_PrefabAsset: {fileID: 0}
  m_GameObject: {fileID: 6318228498012513104}
  serializedVersion: 2
  m_LocalReferencePoint: {x: -0.005250197, y: 0.009636407, z: 0.00027470174}
  m_Size: 0.0380672
  m_FadeMode: 0
  m_AnimateCrossFading: 0
  m_LastLODIsBillboard: 0
  m_LODs:
  - screenRelativeHeight: 0.009572951
    fadeTransitionWidth: 0
    renderers:
    - renderer: {fileID: 4306654904043980090}
  m_Enabled: 1
--- !u!1 &6800947920516288175
GameObject:
  m_ObjectHideFlags: 0
  m_CorrespondingSourceObject: {fileID: 0}
  m_PrefabInstance: {fileID: 0}
  m_PrefabAsset: {fileID: 0}
  serializedVersion: 6
  m_Component:
  - component: {fileID: 7257603629090553083}
  - component: {fileID: 9082845630601904614}
  - component: {fileID: 3606053577337563333}
  - component: {fileID: 1346239125247105643}
  m_Layer: 0
  m_Name: CL_ImagePlaneCube_1_SeamsColor
  m_TagString: Untagged
  m_Icon: {fileID: 0}
  m_NavMeshLayer: 0
  m_StaticEditorFlags: 18
  m_IsActive: 1
--- !u!4 &7257603629090553083
Transform:
  m_ObjectHideFlags: 0
  m_CorrespondingSourceObject: {fileID: 0}
  m_PrefabInstance: {fileID: 0}
  m_PrefabAsset: {fileID: 0}
  m_GameObject: {fileID: 6800947920516288175}
  m_LocalRotation: {x: 0.00000008146034, y: 0, z: -0, w: 1}
  m_LocalPosition: {x: -0, y: 0, z: 0}
  m_LocalScale: {x: 32.983303, y: 32.983303, z: 32.983303}
  m_Children: []
  m_Father: {fileID: 7032161104642872378}
  m_RootOrder: 0
  m_LocalEulerAnglesHint: {x: 0, y: 0, z: 0}
--- !u!33 &9082845630601904614
MeshFilter:
  m_ObjectHideFlags: 0
  m_CorrespondingSourceObject: {fileID: 0}
  m_PrefabInstance: {fileID: 0}
  m_PrefabAsset: {fileID: 0}
  m_GameObject: {fileID: 6800947920516288175}
  m_Mesh: {fileID: -7806382804995507746, guid: 16b7a62e8072ad04e8a0382480efb52d, type: 3}
--- !u!23 &3606053577337563333
MeshRenderer:
  m_ObjectHideFlags: 0
  m_CorrespondingSourceObject: {fileID: 0}
  m_PrefabInstance: {fileID: 0}
  m_PrefabAsset: {fileID: 0}
  m_GameObject: {fileID: 6800947920516288175}
  m_Enabled: 1
  m_CastShadows: 1
  m_ReceiveShadows: 1
  m_DynamicOccludee: 1
  m_MotionVectors: 1
  m_LightProbeUsage: 1
  m_ReflectionProbeUsage: 1
  m_RayTracingMode: 2
  m_RayTraceProcedural: 0
  m_RenderingLayerMask: 1
  m_RendererPriority: 0
  m_Materials:
  - {fileID: 2100000, guid: 090f43223cfe2c94c99aa073433645b7, type: 2}
  m_StaticBatchInfo:
    firstSubMesh: 0
    subMeshCount: 0
  m_StaticBatchRoot: {fileID: 0}
  m_ProbeAnchor: {fileID: 0}
  m_LightProbeVolumeOverride: {fileID: 0}
  m_ScaleInLightmap: 1
  m_ReceiveGI: 1
  m_PreserveUVs: 0
  m_IgnoreNormalsForChartDetection: 0
  m_ImportantGI: 0
  m_StitchLightmapSeams: 1
  m_SelectedEditorRenderState: 3
  m_MinimumChartSize: 4
  m_AutoUVMaxDistance: 0.5
  m_AutoUVMaxAngle: 89
  m_LightmapParameters: {fileID: 0}
  m_SortingLayerID: 0
  m_SortingLayer: 0
  m_SortingOrder: 0
  m_AdditionalVertexStreams: {fileID: 0}
--- !u!205 &1346239125247105643
LODGroup:
  m_ObjectHideFlags: 0
  m_CorrespondingSourceObject: {fileID: 0}
  m_PrefabInstance: {fileID: 0}
  m_PrefabAsset: {fileID: 0}
  m_GameObject: {fileID: 6800947920516288175}
  serializedVersion: 2
  m_LocalReferencePoint: {x: -0.005250212, y: 0.009636407, z: 0.00027470174}
  m_Size: 0.0380672
  m_FadeMode: 0
  m_AnimateCrossFading: 0
  m_LastLODIsBillboard: 0
  m_LODs:
  - screenRelativeHeight: 0.0098066
    fadeTransitionWidth: 0
    renderers:
    - renderer: {fileID: 3606053577337563333}
  m_Enabled: 1
--- !u!1 &6826896007569030362
GameObject:
  m_ObjectHideFlags: 0
  m_CorrespondingSourceObject: {fileID: 0}
  m_PrefabInstance: {fileID: 0}
  m_PrefabAsset: {fileID: 0}
  serializedVersion: 6
  m_Component:
  - component: {fileID: 1045853154187127385}
  - component: {fileID: 4257410296870104364}
  - component: {fileID: 1295092477704733668}
  - component: {fileID: 1827739284978187302}
  m_Layer: 0
  m_Name: Fence  (95)
  m_TagString: Untagged
  m_Icon: {fileID: 0}
  m_NavMeshLayer: 0
  m_StaticEditorFlags: 18
  m_IsActive: 1
--- !u!4 &1045853154187127385
Transform:
  m_ObjectHideFlags: 0
  m_CorrespondingSourceObject: {fileID: 0}
  m_PrefabInstance: {fileID: 0}
  m_PrefabAsset: {fileID: 0}
  m_GameObject: {fileID: 6826896007569030362}
  m_LocalRotation: {x: -0, y: -0.7071068, z: -0, w: -0.7071068}
  m_LocalPosition: {x: -5.0790405, y: -2.6943054, z: 5.362793}
  m_LocalScale: {x: 1, y: 1, z: 1}
  m_Children:
  - {fileID: 841307467102159512}
  m_Father: {fileID: 3487930203421438614}
  m_RootOrder: 3
  m_LocalEulerAnglesHint: {x: 0, y: -270, z: 0}
--- !u!65 &4257410296870104364
BoxCollider:
  m_ObjectHideFlags: 0
  m_CorrespondingSourceObject: {fileID: 0}
  m_PrefabInstance: {fileID: 0}
  m_PrefabAsset: {fileID: 0}
  m_GameObject: {fileID: 6826896007569030362}
  m_Material: {fileID: 0}
  m_IsTrigger: 0
  m_Enabled: 1
  serializedVersion: 2
  m_Size: {x: 0.9901391, y: 0.53030586, z: 0.14356133}
  m_Center: {x: -0.30676836, y: 0.4439652, z: -0.0005405992}
--- !u!54 &1295092477704733668
Rigidbody:
  m_ObjectHideFlags: 0
  m_CorrespondingSourceObject: {fileID: 0}
  m_PrefabInstance: {fileID: 0}
  m_PrefabAsset: {fileID: 0}
  m_GameObject: {fileID: 6826896007569030362}
  serializedVersion: 2
  m_Mass: 5
  m_Drag: 0
  m_AngularDrag: 0.05
  m_UseGravity: 1
  m_IsKinematic: 0
  m_Interpolate: 0
  m_Constraints: 0
  m_CollisionDetection: 0
--- !u!114 &1827739284978187302
MonoBehaviour:
  m_ObjectHideFlags: 0
  m_CorrespondingSourceObject: {fileID: 0}
  m_PrefabInstance: {fileID: 0}
  m_PrefabAsset: {fileID: 0}
  m_GameObject: {fileID: 6826896007569030362}
  m_Enabled: 1
  m_EditorHideFlags: 0
  m_Script: {fileID: 11500000, guid: f6d19a35179e3cd40af59f06ae4c594f, type: 3}
  m_Name: 
  m_EditorClassIdentifier: 
  breakingForce: 10
--- !u!1 &6923903551134745530
GameObject:
  m_ObjectHideFlags: 0
  m_CorrespondingSourceObject: {fileID: 0}
  m_PrefabInstance: {fileID: 0}
  m_PrefabAsset: {fileID: 0}
  serializedVersion: 6
  m_Component:
  - component: {fileID: 3470931438899516729}
  - component: {fileID: 413759678608347724}
  - component: {fileID: 4965005329905245886}
  - component: {fileID: 8961233214709824842}
  m_Layer: 0
  m_Name: Fence  (103)
  m_TagString: Untagged
  m_Icon: {fileID: 0}
  m_NavMeshLayer: 0
  m_StaticEditorFlags: 18
  m_IsActive: 1
--- !u!4 &3470931438899516729
Transform:
  m_ObjectHideFlags: 0
  m_CorrespondingSourceObject: {fileID: 0}
  m_PrefabInstance: {fileID: 0}
  m_PrefabAsset: {fileID: 0}
  m_GameObject: {fileID: 6923903551134745530}
  m_LocalRotation: {x: -0, y: -0.7071068, z: -0, w: -0.7071068}
  m_LocalPosition: {x: -5.0790405, y: -2.6943054, z: -3.3502197}
  m_LocalScale: {x: 1, y: 1, z: 1}
  m_Children:
  - {fileID: 3820258136667651576}
  m_Father: {fileID: 3487930203421438614}
  m_RootOrder: 11
  m_LocalEulerAnglesHint: {x: 0, y: -270, z: 0}
--- !u!65 &413759678608347724
BoxCollider:
  m_ObjectHideFlags: 0
  m_CorrespondingSourceObject: {fileID: 0}
  m_PrefabInstance: {fileID: 0}
  m_PrefabAsset: {fileID: 0}
  m_GameObject: {fileID: 6923903551134745530}
  m_Material: {fileID: 0}
  m_IsTrigger: 0
  m_Enabled: 1
  serializedVersion: 2
  m_Size: {x: 1.0204713, y: 0.50754213, z: 0.14356133}
  m_Center: {x: -0.29160225, y: 0.45534706, z: -0.0005405992}
--- !u!54 &4965005329905245886
Rigidbody:
  m_ObjectHideFlags: 0
  m_CorrespondingSourceObject: {fileID: 0}
  m_PrefabInstance: {fileID: 0}
  m_PrefabAsset: {fileID: 0}
  m_GameObject: {fileID: 6923903551134745530}
  serializedVersion: 2
  m_Mass: 5
  m_Drag: 0
  m_AngularDrag: 0.05
  m_UseGravity: 1
  m_IsKinematic: 0
  m_Interpolate: 0
  m_Constraints: 0
  m_CollisionDetection: 0
--- !u!114 &8961233214709824842
MonoBehaviour:
  m_ObjectHideFlags: 0
  m_CorrespondingSourceObject: {fileID: 0}
  m_PrefabInstance: {fileID: 0}
  m_PrefabAsset: {fileID: 0}
  m_GameObject: {fileID: 6923903551134745530}
  m_Enabled: 1
  m_EditorHideFlags: 0
  m_Script: {fileID: 11500000, guid: f6d19a35179e3cd40af59f06ae4c594f, type: 3}
  m_Name: 
  m_EditorClassIdentifier: 
  breakingForce: 10
--- !u!1 &6984430432903001004
GameObject:
  m_ObjectHideFlags: 0
  m_CorrespondingSourceObject: {fileID: 0}
  m_PrefabInstance: {fileID: 0}
  m_PrefabAsset: {fileID: 0}
  serializedVersion: 6
  m_Component:
  - component: {fileID: 6499904191850693112}
  - component: {fileID: 4647929884128984293}
  - component: {fileID: 902755119415236038}
  - component: {fileID: 7710217846080321550}
  m_Layer: 0
  m_Name: CL_ImagePlaneCube_1_SeamsColor
  m_TagString: Untagged
  m_Icon: {fileID: 0}
  m_NavMeshLayer: 0
  m_StaticEditorFlags: 18
  m_IsActive: 1
--- !u!4 &6499904191850693112
Transform:
  m_ObjectHideFlags: 0
  m_CorrespondingSourceObject: {fileID: 0}
  m_PrefabInstance: {fileID: 0}
  m_PrefabAsset: {fileID: 0}
  m_GameObject: {fileID: 6984430432903001004}
  m_LocalRotation: {x: 0.00000008146034, y: 0, z: -0, w: 1}
  m_LocalPosition: {x: -0, y: 0, z: 0}
  m_LocalScale: {x: 32.983303, y: 32.983303, z: 32.983303}
  m_Children: []
  m_Father: {fileID: 6853138485761337657}
  m_RootOrder: 0
  m_LocalEulerAnglesHint: {x: 0, y: 0, z: 0}
--- !u!33 &4647929884128984293
MeshFilter:
  m_ObjectHideFlags: 0
  m_CorrespondingSourceObject: {fileID: 0}
  m_PrefabInstance: {fileID: 0}
  m_PrefabAsset: {fileID: 0}
  m_GameObject: {fileID: 6984430432903001004}
  m_Mesh: {fileID: -7806382804995507746, guid: 16b7a62e8072ad04e8a0382480efb52d, type: 3}
--- !u!23 &902755119415236038
MeshRenderer:
  m_ObjectHideFlags: 0
  m_CorrespondingSourceObject: {fileID: 0}
  m_PrefabInstance: {fileID: 0}
  m_PrefabAsset: {fileID: 0}
  m_GameObject: {fileID: 6984430432903001004}
  m_Enabled: 1
  m_CastShadows: 1
  m_ReceiveShadows: 1
  m_DynamicOccludee: 1
  m_MotionVectors: 1
  m_LightProbeUsage: 1
  m_ReflectionProbeUsage: 1
  m_RayTracingMode: 2
  m_RayTraceProcedural: 0
  m_RenderingLayerMask: 1
  m_RendererPriority: 0
  m_Materials:
  - {fileID: 2100000, guid: 090f43223cfe2c94c99aa073433645b7, type: 2}
  m_StaticBatchInfo:
    firstSubMesh: 0
    subMeshCount: 0
  m_StaticBatchRoot: {fileID: 0}
  m_ProbeAnchor: {fileID: 0}
  m_LightProbeVolumeOverride: {fileID: 0}
  m_ScaleInLightmap: 1
  m_ReceiveGI: 1
  m_PreserveUVs: 0
  m_IgnoreNormalsForChartDetection: 0
  m_ImportantGI: 0
  m_StitchLightmapSeams: 1
  m_SelectedEditorRenderState: 3
  m_MinimumChartSize: 4
  m_AutoUVMaxDistance: 0.5
  m_AutoUVMaxAngle: 89
  m_LightmapParameters: {fileID: 0}
  m_SortingLayerID: 0
  m_SortingLayer: 0
  m_SortingOrder: 0
  m_AdditionalVertexStreams: {fileID: 0}
--- !u!205 &7710217846080321550
LODGroup:
  m_ObjectHideFlags: 0
  m_CorrespondingSourceObject: {fileID: 0}
  m_PrefabInstance: {fileID: 0}
  m_PrefabAsset: {fileID: 0}
  m_GameObject: {fileID: 6984430432903001004}
  serializedVersion: 2
  m_LocalReferencePoint: {x: -0.005250197, y: 0.009636407, z: 0.00027470174}
  m_Size: 0.0380672
  m_FadeMode: 0
  m_AnimateCrossFading: 0
  m_LastLODIsBillboard: 0
  m_LODs:
  - screenRelativeHeight: 0.005618787
    fadeTransitionWidth: 0
    renderers:
    - renderer: {fileID: 902755119415236038}
  m_Enabled: 1
--- !u!1 &7261892625017318893
GameObject:
  m_ObjectHideFlags: 0
  m_CorrespondingSourceObject: {fileID: 0}
  m_PrefabInstance: {fileID: 0}
  m_PrefabAsset: {fileID: 0}
  serializedVersion: 6
  m_Component:
  - component: {fileID: 6782015093910970297}
  - component: {fileID: 4947768505024766628}
  - component: {fileID: 625428983258467207}
  - component: {fileID: 4340102281429686905}
  m_Layer: 0
  m_Name: CL_ImagePlaneCube_1_SeamsColor
  m_TagString: Untagged
  m_Icon: {fileID: 0}
  m_NavMeshLayer: 0
  m_StaticEditorFlags: 18
  m_IsActive: 1
--- !u!4 &6782015093910970297
Transform:
  m_ObjectHideFlags: 0
  m_CorrespondingSourceObject: {fileID: 0}
  m_PrefabInstance: {fileID: 0}
  m_PrefabAsset: {fileID: 0}
  m_GameObject: {fileID: 7261892625017318893}
  m_LocalRotation: {x: 0.00000008146034, y: 0, z: -0, w: 1}
  m_LocalPosition: {x: -0, y: 0, z: 0}
  m_LocalScale: {x: 32.983303, y: 32.983303, z: 32.983303}
  m_Children: []
  m_Father: {fileID: 6571314271713441656}
  m_RootOrder: 0
  m_LocalEulerAnglesHint: {x: 0, y: 0, z: 0}
--- !u!33 &4947768505024766628
MeshFilter:
  m_ObjectHideFlags: 0
  m_CorrespondingSourceObject: {fileID: 0}
  m_PrefabInstance: {fileID: 0}
  m_PrefabAsset: {fileID: 0}
  m_GameObject: {fileID: 7261892625017318893}
  m_Mesh: {fileID: -7806382804995507746, guid: 16b7a62e8072ad04e8a0382480efb52d, type: 3}
--- !u!23 &625428983258467207
MeshRenderer:
  m_ObjectHideFlags: 0
  m_CorrespondingSourceObject: {fileID: 0}
  m_PrefabInstance: {fileID: 0}
  m_PrefabAsset: {fileID: 0}
  m_GameObject: {fileID: 7261892625017318893}
  m_Enabled: 1
  m_CastShadows: 1
  m_ReceiveShadows: 1
  m_DynamicOccludee: 1
  m_MotionVectors: 1
  m_LightProbeUsage: 1
  m_ReflectionProbeUsage: 1
  m_RayTracingMode: 2
  m_RayTraceProcedural: 0
  m_RenderingLayerMask: 1
  m_RendererPriority: 0
  m_Materials:
  - {fileID: 2100000, guid: 090f43223cfe2c94c99aa073433645b7, type: 2}
  m_StaticBatchInfo:
    firstSubMesh: 0
    subMeshCount: 0
  m_StaticBatchRoot: {fileID: 0}
  m_ProbeAnchor: {fileID: 0}
  m_LightProbeVolumeOverride: {fileID: 0}
  m_ScaleInLightmap: 1
  m_ReceiveGI: 1
  m_PreserveUVs: 0
  m_IgnoreNormalsForChartDetection: 0
  m_ImportantGI: 0
  m_StitchLightmapSeams: 1
  m_SelectedEditorRenderState: 3
  m_MinimumChartSize: 4
  m_AutoUVMaxDistance: 0.5
  m_AutoUVMaxAngle: 89
  m_LightmapParameters: {fileID: 0}
  m_SortingLayerID: 0
  m_SortingLayer: 0
  m_SortingOrder: 0
  m_AdditionalVertexStreams: {fileID: 0}
--- !u!205 &4340102281429686905
LODGroup:
  m_ObjectHideFlags: 0
  m_CorrespondingSourceObject: {fileID: 0}
  m_PrefabInstance: {fileID: 0}
  m_PrefabAsset: {fileID: 0}
  m_GameObject: {fileID: 7261892625017318893}
  serializedVersion: 2
  m_LocalReferencePoint: {x: -0.005250197, y: 0.009636407, z: 0.00027470174}
  m_Size: 0.0380672
  m_FadeMode: 0
  m_AnimateCrossFading: 0
  m_LastLODIsBillboard: 0
  m_LODs:
  - screenRelativeHeight: 0.0065699834
    fadeTransitionWidth: 0
    renderers:
    - renderer: {fileID: 625428983258467207}
  m_Enabled: 1
--- !u!1 &7935402900544413512
GameObject:
  m_ObjectHideFlags: 0
  m_CorrespondingSourceObject: {fileID: 0}
  m_PrefabInstance: {fileID: 0}
  m_PrefabAsset: {fileID: 0}
  serializedVersion: 6
  m_Component:
  - component: {fileID: 6123159301789117724}
  - component: {fileID: 5642265995255975937}
  - component: {fileID: 165122879232981282}
  - component: {fileID: 1306597274588982254}
  m_Layer: 0
  m_Name: CL_ImagePlaneCube_1_SeamsColor
  m_TagString: Untagged
  m_Icon: {fileID: 0}
  m_NavMeshLayer: 0
  m_StaticEditorFlags: 18
  m_IsActive: 1
--- !u!4 &6123159301789117724
Transform:
  m_ObjectHideFlags: 0
  m_CorrespondingSourceObject: {fileID: 0}
  m_PrefabInstance: {fileID: 0}
  m_PrefabAsset: {fileID: 0}
  m_GameObject: {fileID: 7935402900544413512}
  m_LocalRotation: {x: 0.00000008146034, y: 0, z: -0, w: 1}
  m_LocalPosition: {x: -0, y: 0, z: 0}
  m_LocalScale: {x: 32.983303, y: 32.983303, z: 32.983303}
  m_Children: []
  m_Father: {fileID: 5897082978010219997}
  m_RootOrder: 0
  m_LocalEulerAnglesHint: {x: 0, y: 0, z: 0}
--- !u!33 &5642265995255975937
MeshFilter:
  m_ObjectHideFlags: 0
  m_CorrespondingSourceObject: {fileID: 0}
  m_PrefabInstance: {fileID: 0}
  m_PrefabAsset: {fileID: 0}
  m_GameObject: {fileID: 7935402900544413512}
  m_Mesh: {fileID: -7806382804995507746, guid: 16b7a62e8072ad04e8a0382480efb52d, type: 3}
--- !u!23 &165122879232981282
MeshRenderer:
  m_ObjectHideFlags: 0
  m_CorrespondingSourceObject: {fileID: 0}
  m_PrefabInstance: {fileID: 0}
  m_PrefabAsset: {fileID: 0}
  m_GameObject: {fileID: 7935402900544413512}
  m_Enabled: 1
  m_CastShadows: 1
  m_ReceiveShadows: 1
  m_DynamicOccludee: 1
  m_MotionVectors: 1
  m_LightProbeUsage: 1
  m_ReflectionProbeUsage: 1
  m_RayTracingMode: 2
  m_RayTraceProcedural: 0
  m_RenderingLayerMask: 1
  m_RendererPriority: 0
  m_Materials:
  - {fileID: 2100000, guid: 090f43223cfe2c94c99aa073433645b7, type: 2}
  m_StaticBatchInfo:
    firstSubMesh: 0
    subMeshCount: 0
  m_StaticBatchRoot: {fileID: 0}
  m_ProbeAnchor: {fileID: 0}
  m_LightProbeVolumeOverride: {fileID: 0}
  m_ScaleInLightmap: 1
  m_ReceiveGI: 1
  m_PreserveUVs: 0
  m_IgnoreNormalsForChartDetection: 0
  m_ImportantGI: 0
  m_StitchLightmapSeams: 1
  m_SelectedEditorRenderState: 3
  m_MinimumChartSize: 4
  m_AutoUVMaxDistance: 0.5
  m_AutoUVMaxAngle: 89
  m_LightmapParameters: {fileID: 0}
  m_SortingLayerID: 0
  m_SortingLayer: 0
  m_SortingOrder: 0
  m_AdditionalVertexStreams: {fileID: 0}
--- !u!205 &1306597274588982254
LODGroup:
  m_ObjectHideFlags: 0
  m_CorrespondingSourceObject: {fileID: 0}
  m_PrefabInstance: {fileID: 0}
  m_PrefabAsset: {fileID: 0}
  m_GameObject: {fileID: 7935402900544413512}
  serializedVersion: 2
  m_LocalReferencePoint: {x: -0.005250197, y: 0.009636407, z: 0.00027467194}
  m_Size: 0.0380672
  m_FadeMode: 0
  m_AnimateCrossFading: 0
  m_LastLODIsBillboard: 0
  m_LODs:
  - screenRelativeHeight: 0.005436209
    fadeTransitionWidth: 0
    renderers:
    - renderer: {fileID: 165122879232981282}
  m_Enabled: 1
--- !u!1 &8147495151015862721
GameObject:
  m_ObjectHideFlags: 0
  m_CorrespondingSourceObject: {fileID: 0}
  m_PrefabInstance: {fileID: 0}
  m_PrefabAsset: {fileID: 0}
  serializedVersion: 6
  m_Component:
  - component: {fileID: 5460708804453569429}
  - component: {fileID: 5871808049277496968}
  - component: {fileID: 2124330314979461035}
  - component: {fileID: 1253903667938063376}
  m_Layer: 0
  m_Name: CL_ImagePlaneCube_1_SeamsColor
  m_TagString: Untagged
  m_Icon: {fileID: 0}
  m_NavMeshLayer: 0
  m_StaticEditorFlags: 18
  m_IsActive: 1
--- !u!4 &5460708804453569429
Transform:
  m_ObjectHideFlags: 0
  m_CorrespondingSourceObject: {fileID: 0}
  m_PrefabInstance: {fileID: 0}
  m_PrefabAsset: {fileID: 0}
  m_GameObject: {fileID: 8147495151015862721}
  m_LocalRotation: {x: 0.00000008146034, y: 0, z: -0, w: 1}
  m_LocalPosition: {x: -0, y: 0, z: 0}
  m_LocalScale: {x: 32.983303, y: 32.983303, z: 32.983303}
  m_Children: []
  m_Father: {fileID: 5685553674806639444}
  m_RootOrder: 0
  m_LocalEulerAnglesHint: {x: 0, y: 0, z: 0}
--- !u!33 &5871808049277496968
MeshFilter:
  m_ObjectHideFlags: 0
  m_CorrespondingSourceObject: {fileID: 0}
  m_PrefabInstance: {fileID: 0}
  m_PrefabAsset: {fileID: 0}
  m_GameObject: {fileID: 8147495151015862721}
  m_Mesh: {fileID: -7806382804995507746, guid: 16b7a62e8072ad04e8a0382480efb52d, type: 3}
--- !u!23 &2124330314979461035
MeshRenderer:
  m_ObjectHideFlags: 0
  m_CorrespondingSourceObject: {fileID: 0}
  m_PrefabInstance: {fileID: 0}
  m_PrefabAsset: {fileID: 0}
  m_GameObject: {fileID: 8147495151015862721}
  m_Enabled: 1
  m_CastShadows: 1
  m_ReceiveShadows: 1
  m_DynamicOccludee: 1
  m_MotionVectors: 1
  m_LightProbeUsage: 1
  m_ReflectionProbeUsage: 1
  m_RayTracingMode: 2
  m_RayTraceProcedural: 0
  m_RenderingLayerMask: 1
  m_RendererPriority: 0
  m_Materials:
  - {fileID: 2100000, guid: 090f43223cfe2c94c99aa073433645b7, type: 2}
  m_StaticBatchInfo:
    firstSubMesh: 0
    subMeshCount: 0
  m_StaticBatchRoot: {fileID: 0}
  m_ProbeAnchor: {fileID: 0}
  m_LightProbeVolumeOverride: {fileID: 0}
  m_ScaleInLightmap: 1
  m_ReceiveGI: 1
  m_PreserveUVs: 0
  m_IgnoreNormalsForChartDetection: 0
  m_ImportantGI: 0
  m_StitchLightmapSeams: 1
  m_SelectedEditorRenderState: 3
  m_MinimumChartSize: 4
  m_AutoUVMaxDistance: 0.5
  m_AutoUVMaxAngle: 89
  m_LightmapParameters: {fileID: 0}
  m_SortingLayerID: 0
  m_SortingLayer: 0
  m_SortingOrder: 0
  m_AdditionalVertexStreams: {fileID: 0}
--- !u!205 &1253903667938063376
LODGroup:
  m_ObjectHideFlags: 0
  m_CorrespondingSourceObject: {fileID: 0}
  m_PrefabInstance: {fileID: 0}
  m_PrefabAsset: {fileID: 0}
  m_GameObject: {fileID: 8147495151015862721}
  serializedVersion: 2
  m_LocalReferencePoint: {x: -0.005250197, y: 0.009636407, z: 0.00027470174}
  m_Size: 0.0380672
  m_FadeMode: 0
  m_AnimateCrossFading: 0
  m_LastLODIsBillboard: 0
  m_LODs:
  - screenRelativeHeight: 0.0063746367
    fadeTransitionWidth: 0
    renderers:
    - renderer: {fileID: 2124330314979461035}
  m_Enabled: 1
--- !u!1 &8727908962085970546
GameObject:
  m_ObjectHideFlags: 0
  m_CorrespondingSourceObject: {fileID: 0}
  m_PrefabInstance: {fileID: 0}
  m_PrefabAsset: {fileID: 0}
  serializedVersion: 6
  m_Component:
  - component: {fileID: 4883626996533039142}
  - component: {fileID: 6445406529216015675}
  - component: {fileID: 1546237102639825944}
  - component: {fileID: 1472529570419978024}
  m_Layer: 0
  m_Name: CL_ImagePlaneCube_1_SeamsColor
  m_TagString: Untagged
  m_Icon: {fileID: 0}
  m_NavMeshLayer: 0
  m_StaticEditorFlags: 18
  m_IsActive: 1
--- !u!4 &4883626996533039142
Transform:
  m_ObjectHideFlags: 0
  m_CorrespondingSourceObject: {fileID: 0}
  m_PrefabInstance: {fileID: 0}
  m_PrefabAsset: {fileID: 0}
  m_GameObject: {fileID: 8727908962085970546}
  m_LocalRotation: {x: 0.00000008146034, y: 0, z: -0, w: 1}
  m_LocalPosition: {x: -0, y: 0, z: 0}
  m_LocalScale: {x: 32.983303, y: 32.983303, z: 32.983303}
  m_Children: []
  m_Father: {fileID: 5109705038164768999}
  m_RootOrder: 0
  m_LocalEulerAnglesHint: {x: 0, y: 0, z: 0}
--- !u!33 &6445406529216015675
MeshFilter:
  m_ObjectHideFlags: 0
  m_CorrespondingSourceObject: {fileID: 0}
  m_PrefabInstance: {fileID: 0}
  m_PrefabAsset: {fileID: 0}
  m_GameObject: {fileID: 8727908962085970546}
  m_Mesh: {fileID: -7806382804995507746, guid: 16b7a62e8072ad04e8a0382480efb52d, type: 3}
--- !u!23 &1546237102639825944
MeshRenderer:
  m_ObjectHideFlags: 0
  m_CorrespondingSourceObject: {fileID: 0}
  m_PrefabInstance: {fileID: 0}
  m_PrefabAsset: {fileID: 0}
  m_GameObject: {fileID: 8727908962085970546}
  m_Enabled: 1
  m_CastShadows: 1
  m_ReceiveShadows: 1
  m_DynamicOccludee: 1
  m_MotionVectors: 1
  m_LightProbeUsage: 1
  m_ReflectionProbeUsage: 1
  m_RayTracingMode: 2
  m_RayTraceProcedural: 0
  m_RenderingLayerMask: 1
  m_RendererPriority: 0
  m_Materials:
  - {fileID: 2100000, guid: 090f43223cfe2c94c99aa073433645b7, type: 2}
  m_StaticBatchInfo:
    firstSubMesh: 0
    subMeshCount: 0
  m_StaticBatchRoot: {fileID: 0}
  m_ProbeAnchor: {fileID: 0}
  m_LightProbeVolumeOverride: {fileID: 0}
  m_ScaleInLightmap: 1
  m_ReceiveGI: 1
  m_PreserveUVs: 0
  m_IgnoreNormalsForChartDetection: 0
  m_ImportantGI: 0
  m_StitchLightmapSeams: 1
  m_SelectedEditorRenderState: 3
  m_MinimumChartSize: 4
  m_AutoUVMaxDistance: 0.5
  m_AutoUVMaxAngle: 89
  m_LightmapParameters: {fileID: 0}
  m_SortingLayerID: 0
  m_SortingLayer: 0
  m_SortingOrder: 0
  m_AdditionalVertexStreams: {fileID: 0}
--- !u!205 &1472529570419978024
LODGroup:
  m_ObjectHideFlags: 0
  m_CorrespondingSourceObject: {fileID: 0}
  m_PrefabInstance: {fileID: 0}
  m_PrefabAsset: {fileID: 0}
  m_GameObject: {fileID: 8727908962085970546}
  serializedVersion: 2
  m_LocalReferencePoint: {x: -0.0052501974, y: 0.009636407, z: 0.00027476158}
  m_Size: 0.038067207
  m_FadeMode: 0
  m_AnimateCrossFading: 0
  m_LastLODIsBillboard: 0
  m_LODs:
  - screenRelativeHeight: 0.0067678825
    fadeTransitionWidth: 0
    renderers:
    - renderer: {fileID: 1546237102639825944}
  m_Enabled: 1
