%YAML 1.1
%TAG !u! tag:unity3d.com,2011:
--- !u!1 &4206428981086177765
GameObject:
  m_ObjectHideFlags: 0
  m_CorrespondingSourceObject: {fileID: 0}
  m_PrefabInstance: {fileID: 0}
  m_PrefabAsset: {fileID: 0}
  serializedVersion: 6
  m_Component:
  - component: {fileID: 6907447970246537793}
  - component: {fileID: 1963106132197220711}
  m_Layer: 6
  m_Name: BrokenBuilding OpenWorld
  m_TagString: Untagged
  m_Icon: {fileID: 0}
  m_NavMeshLayer: 0
  m_StaticEditorFlags: 83
  m_IsActive: 1
--- !u!4 &6907447970246537793
Transform:
  m_ObjectHideFlags: 0
  m_CorrespondingSourceObject: {fileID: 0}
  m_PrefabInstance: {fileID: 0}
  m_PrefabAsset: {fileID: 0}
  m_GameObject: {fileID: 4206428981086177765}
  m_LocalRotation: {x: 0, y: 0, z: 0, w: 1}
  m_LocalPosition: {x: 0, y: 0, z: 0}
  m_LocalScale: {x: 1, y: 1, z: 1}
  m_Children:
  - {fileID: 9131798483527813218}
  m_Father: {fileID: 0}
  m_RootOrder: 0
  m_LocalEulerAnglesHint: {x: 0, y: 0, z: 0}
--- !u!65 &1963106132197220711
BoxCollider:
  m_ObjectHideFlags: 0
  m_CorrespondingSourceObject: {fileID: 0}
  m_PrefabInstance: {fileID: 0}
  m_PrefabAsset: {fileID: 0}
  m_GameObject: {fileID: 4206428981086177765}
  m_Material: {fileID: 0}
  m_IsTrigger: 0
  m_Enabled: 1
  serializedVersion: 2
  m_Size: {x: 1.7404057, y: 1, z: 2.6274936}
  m_Center: {x: -0.028243959, y: 0, z: 0.8137466}
--- !u!205 &5815533858920584489
LODGroup:
  m_ObjectHideFlags: 0
  m_CorrespondingSourceObject: {fileID: 0}
  m_PrefabInstance: {fileID: 0}
  m_PrefabAsset: {fileID: 0}
  m_GameObject: {fileID: 8498709186950992600}
  serializedVersion: 2
  m_LocalReferencePoint: {x: 0, y: -8.136286, z: 3.33942}
  m_Size: 26.272568
  m_FadeMode: 0
  m_AnimateCrossFading: 0
  m_LastLODIsBillboard: 0
  m_LODs:
  - screenRelativeHeight: 0.021846665
    fadeTransitionWidth: 0
    renderers:
    - renderer: {fileID: 7994318741078782733}
  m_Enabled: 1
--- !u!1001 &8732500756593979273
PrefabInstance:
  m_ObjectHideFlags: 0
  serializedVersion: 2
  m_Modification:
    m_TransformParent: {fileID: 6907447970246537793}
    m_Modifications:
    - target: {fileID: -8679921383154817045, guid: 2934fd47a14f17f45b02c25f3abcd0a7, type: 3}
      propertyPath: m_RootOrder
      value: 0
      objectReference: {fileID: 0}
    - target: {fileID: -8679921383154817045, guid: 2934fd47a14f17f45b02c25f3abcd0a7, type: 3}
      propertyPath: m_LocalScale.x
      value: 0.1
      objectReference: {fileID: 0}
    - target: {fileID: -8679921383154817045, guid: 2934fd47a14f17f45b02c25f3abcd0a7, type: 3}
      propertyPath: m_LocalScale.y
      value: 0.1
      objectReference: {fileID: 0}
    - target: {fileID: -8679921383154817045, guid: 2934fd47a14f17f45b02c25f3abcd0a7, type: 3}
      propertyPath: m_LocalScale.z
      value: 0.1
      objectReference: {fileID: 0}
    - target: {fileID: -8679921383154817045, guid: 2934fd47a14f17f45b02c25f3abcd0a7, type: 3}
      propertyPath: m_LocalPosition.x
      value: 0
      objectReference: {fileID: 0}
    - target: {fileID: -8679921383154817045, guid: 2934fd47a14f17f45b02c25f3abcd0a7, type: 3}
      propertyPath: m_LocalPosition.y
      value: 0
      objectReference: {fileID: 0}
    - target: {fileID: -8679921383154817045, guid: 2934fd47a14f17f45b02c25f3abcd0a7, type: 3}
      propertyPath: m_LocalPosition.z
      value: 0
      objectReference: {fileID: 0}
    - target: {fileID: -8679921383154817045, guid: 2934fd47a14f17f45b02c25f3abcd0a7, type: 3}
      propertyPath: m_LocalRotation.w
      value: 0.7071067
      objectReference: {fileID: 0}
    - target: {fileID: -8679921383154817045, guid: 2934fd47a14f17f45b02c25f3abcd0a7, type: 3}
      propertyPath: m_LocalRotation.x
      value: -0.7071068
      objectReference: {fileID: 0}
    - target: {fileID: -8679921383154817045, guid: 2934fd47a14f17f45b02c25f3abcd0a7, type: 3}
      propertyPath: m_LocalRotation.y
      value: -0
      objectReference: {fileID: 0}
    - target: {fileID: -8679921383154817045, guid: 2934fd47a14f17f45b02c25f3abcd0a7, type: 3}
      propertyPath: m_LocalRotation.z
      value: -0
      objectReference: {fileID: 0}
    - target: {fileID: -8679921383154817045, guid: 2934fd47a14f17f45b02c25f3abcd0a7, type: 3}
      propertyPath: m_LocalEulerAnglesHint.x
      value: 0
      objectReference: {fileID: 0}
    - target: {fileID: -8679921383154817045, guid: 2934fd47a14f17f45b02c25f3abcd0a7, type: 3}
      propertyPath: m_LocalEulerAnglesHint.y
      value: 0
      objectReference: {fileID: 0}
    - target: {fileID: -8679921383154817045, guid: 2934fd47a14f17f45b02c25f3abcd0a7, type: 3}
      propertyPath: m_LocalEulerAnglesHint.z
      value: 0
      objectReference: {fileID: 0}
    - target: {fileID: 919132149155446097, guid: 2934fd47a14f17f45b02c25f3abcd0a7, type: 3}
      propertyPath: m_Name
      value: BrokenBuilding
      objectReference: {fileID: 0}
    - target: {fileID: 919132149155446097, guid: 2934fd47a14f17f45b02c25f3abcd0a7, type: 3}
      propertyPath: m_Layer
      value: 6
      objectReference: {fileID: 0}
    - target: {fileID: 919132149155446097, guid: 2934fd47a14f17f45b02c25f3abcd0a7, type: 3}
      propertyPath: m_StaticEditorFlags
      value: 83
      objectReference: {fileID: 0}
    m_RemovedComponents: []
  m_SourcePrefab: {fileID: 100100000, guid: 2934fd47a14f17f45b02c25f3abcd0a7, type: 3}
--- !u!1 &8498709186950992600 stripped
GameObject:
  m_CorrespondingSourceObject: {fileID: 919132149155446097, guid: 2934fd47a14f17f45b02c25f3abcd0a7, type: 3}
  m_PrefabInstance: {fileID: 8732500756593979273}
  m_PrefabAsset: {fileID: 0}
--- !u!4 &9131798483527813218 stripped
Transform:
  m_CorrespondingSourceObject: {fileID: -8679921383154817045, guid: 2934fd47a14f17f45b02c25f3abcd0a7, type: 3}
  m_PrefabInstance: {fileID: 8732500756593979273}
  m_PrefabAsset: {fileID: 0}
--- !u!23 &7994318741078782733 stripped
MeshRenderer:
  m_CorrespondingSourceObject: {fileID: -7511558181221131132, guid: 2934fd47a14f17f45b02c25f3abcd0a7, type: 3}
  m_PrefabInstance: {fileID: 8732500756593979273}
  m_PrefabAsset: {fileID: 0}
