%YAML 1.1
%TAG !u! tag:unity3d.com,2011:
--- !u!114 &-8292768337296448481
MonoBehaviour:
  m_ObjectHideFlags: 0
  m_CorrespondingSourceObject: {fileID: 0}
  m_PrefabInstance: {fileID: 0}
  m_PrefabAsset: {fileID: 0}
  m_GameObject: {fileID: 0}
  m_Enabled: 1
  m_EditorHideFlags: 0
  m_Script: {fileID: 11500000, guid: 9f157564dbc846468ec0ac2b6f7d545e, type: 3}
  m_Name: Dialogue
  m_EditorClassIdentifier: 
  _uniqueId: 9b3b5eb9-9117-4ee2-986a-964437bff54e
  rect:
    serializedVersion: 2
    x: 49649
    y: 50065
    width: 200
    height: 182
  nodeTitle: 
  children: []
  conditions: []
  enterActions: []
  exitActions: []
  choices:
  - {fileID: 4179001107538698532}
  - {fileID: -4455195850342902327}
  actor: {fileID: 11400000, guid: b5b1e345cb53f4e439d2af734138a118, type: 2}
  dialogue: "Oh, you\u2019re finally here!! Come on, give me the sand, I have some
    weapons to upgrade!"
--- !u!114 &-6627003786768897568
MonoBehaviour:
  m_ObjectHideFlags: 1
  m_CorrespondingSourceObject: {fileID: 0}
  m_PrefabInstance: {fileID: 0}
  m_PrefabAsset: {fileID: 0}
  m_GameObject: {fileID: 0}
  m_Enabled: 1
  m_EditorHideFlags: 0
  m_Script: {fileID: 11500000, guid: fbb407621a43446dac370b409a9ddc29, type: 3}
  m_Name: Choice
  m_EditorClassIdentifier: 
  text: What kind of delivery?
  children:
  - {fileID: -4620978612316955665}
  _uniqueId: 082d89c9-cf2c-4cb8-968a-4204aab06ec8
  _nodeTitle: 
--- !u!114 &-5703524057736138030
MonoBehaviour:
  m_ObjectHideFlags: 0
  m_CorrespondingSourceObject: {fileID: 0}
  m_PrefabInstance: {fileID: 0}
  m_PrefabAsset: {fileID: 0}
  m_GameObject: {fileID: 0}
  m_Enabled: 1
  m_EditorHideFlags: 0
  m_Script: {fileID: 11500000, guid: 9f157564dbc846468ec0ac2b6f7d545e, type: 3}
  m_Name: Dialogue
  m_EditorClassIdentifier: 
  _uniqueId: 0c6896c7-a9ab-4a5e-be49-60304636f3ba
  rect:
    serializedVersion: 2
    x: 50215
    y: 50205
    width: 200
    height: 182
  nodeTitle: 
  children: []
  conditions: []
  enterActions: []
  exitActions: []
  choices:
  - {fileID: -1713380154752492790}
  - {fileID: 7629217479896350039}
  actor: {fileID: 11400000, guid: b5b1e345cb53f4e439d2af734138a118, type: 2}
  dialogue: "Great...great news!! Look for the \u201CResearch Outpost\u201D in the
    north part of the industrial area, tell them Sandy sent you to gather the \u201CL.
    sand\u201D. It will probably be enough."
--- !u!114 &-4620978612316955665
MonoBehaviour:
  m_ObjectHideFlags: 0
  m_CorrespondingSourceObject: {fileID: 0}
  m_PrefabInstance: {fileID: 0}
  m_PrefabAsset: {fileID: 0}
  m_GameObject: {fileID: 0}
  m_Enabled: 1
  m_EditorHideFlags: 0
  m_Script: {fileID: 11500000, guid: 9f157564dbc846468ec0ac2b6f7d545e, type: 3}
  m_Name: Dialogue
  m_EditorClassIdentifier: 
  _uniqueId: 883be777-89f8-4858-a2f9-534f020d4fbb
  rect:
    serializedVersion: 2
    x: 50157
    y: 49980
    width: 200
    height: 182
  nodeTitle: 
  children: []
  conditions: []
  enterActions: []
  exitActions: []
  choices:
  - {fileID: 6596526731193682253}
  - {fileID: 7588868484866695572}
  actor: {fileID: 11400000, guid: b5b1e345cb53f4e439d2af734138a118, type: 2}
  dialogue: "It is a package from the industrial area, a \u201Cspecial sand\u201D
    that I can use to upgrade our defences against \u201Corganic organisms\u201D."
--- !u!114 &-4455195850342902327
MonoBehaviour:
  m_ObjectHideFlags: 1
  m_CorrespondingSourceObject: {fileID: 0}
  m_PrefabInstance: {fileID: 0}
  m_PrefabAsset: {fileID: 0}
  m_GameObject: {fileID: 0}
  m_Enabled: 1
  m_EditorHideFlags: 0
  m_Script: {fileID: 11500000, guid: fbb407621a43446dac370b409a9ddc29, type: 3}
  m_Name: Choice
  m_EditorClassIdentifier: 
  text: "You\u2019ve picked the wrong person."
  children:
  - {fileID: 1119240266814060948}
  _uniqueId: 52a0a7d2-6c61-4c28-94b6-40c40c642da0
  _nodeTitle: 
--- !u!114 &-1713380154752492790
MonoBehaviour:
  m_ObjectHideFlags: 1
  m_CorrespondingSourceObject: {fileID: 0}
  m_PrefabInstance: {fileID: 0}
  m_PrefabAsset: {fileID: 0}
  m_GameObject: {fileID: 0}
  m_Enabled: 1
  m_EditorHideFlags: 0
  m_Script: {fileID: 11500000, guid: fbb407621a43446dac370b409a9ddc29, type: 3}
  m_Name: Choice
  m_EditorClassIdentifier: 
  text: Probably?
  children:
  - {fileID: -781848481077122471}
  _uniqueId: 35f6db26-2340-4f13-be41-aca82b57f212
  _nodeTitle: 
--- !u!114 &-781848481077122471
MonoBehaviour:
  m_ObjectHideFlags: 0
  m_CorrespondingSourceObject: {fileID: 0}
  m_PrefabInstance: {fileID: 0}
  m_PrefabAsset: {fileID: 0}
  m_GameObject: {fileID: 0}
  m_Enabled: 1
  m_EditorHideFlags: 0
  m_Script: {fileID: 11500000, guid: 9f157564dbc846468ec0ac2b6f7d545e, type: 3}
  m_Name: Dialogue
  m_EditorClassIdentifier: 
  _uniqueId: 6cf0be0a-6435-4c2d-9333-db746ecb3d92
  rect:
    serializedVersion: 2
    x: 50415
    y: 49985
    width: 200
    height: 142
  nodeTitle: 0
  children: []
  conditions: []
  enterActions: []
  exitActions: []
  choices: []
  actor: {fileID: 11400000, guid: a282f90cd1fabbb4e9508f93b356fe0f, type: 2}
  dialogue: "Don\u2019t worry, now go! There\u2019s no time to waste."
--- !u!114 &11400000
MonoBehaviour:
  m_ObjectHideFlags: 0
  m_CorrespondingSourceObject: {fileID: 0}
  m_PrefabInstance: {fileID: 0}
  m_PrefabAsset: {fileID: 0}
  m_GameObject: {fileID: 0}
  m_Enabled: 1
  m_EditorHideFlags: 0
  m_Script: {fileID: 11500000, guid: b35851dfd8754a74b333944d50d05bbd, type: 3}
  m_Name: Quest1 Dialogo1  ID 006
  m_EditorClassIdentifier: 
  _nodes:
  - {fileID: 2266577056199338288}
  - {fileID: -8292768337296448481}
  - {fileID: 7286797779217564749}
  - {fileID: 1119240266814060948}
  - {fileID: -4620978612316955665}
  - {fileID: -5703524057736138030}
  - {fileID: -781848481077122471}
  - {fileID: 2872221469370077525}
  root: {fileID: 2266577056199338288}
  scrollPosition: {x: 49507.5, y: 49852}
--- !u!114 &1025998858611229619
MonoBehaviour:
  m_ObjectHideFlags: 1
  m_CorrespondingSourceObject: {fileID: 0}
  m_PrefabInstance: {fileID: 0}
  m_PrefabAsset: {fileID: 0}
  m_GameObject: {fileID: 0}
  m_Enabled: 1
  m_EditorHideFlags: 0
  m_Script: {fileID: 11500000, guid: fbb407621a43446dac370b409a9ddc29, type: 3}
  m_Name: Choice
  m_EditorClassIdentifier: 
  text: "I\u2019m not joking."
  children:
  - {fileID: 1119240266814060948}
  _uniqueId: 5a694d37-96e7-4468-91c3-8fbe2fb9cb81
  _nodeTitle: 
--- !u!114 &1119240266814060948
MonoBehaviour:
  m_ObjectHideFlags: 0
  m_CorrespondingSourceObject: {fileID: 0}
  m_PrefabInstance: {fileID: 0}
  m_PrefabAsset: {fileID: 0}
  m_GameObject: {fileID: 0}
  m_Enabled: 1
  m_EditorHideFlags: 0
  m_Script: {fileID: 11500000, guid: 9f157564dbc846468ec0ac2b6f7d545e, type: 3}
  m_Name: Dialogue
  m_EditorClassIdentifier: 
  _uniqueId: fef47245-5a82-4ba0-a283-ec29768981be
  rect:
    serializedVersion: 2
    x: 49939
    y: 50198
    width: 200
    height: 182
  nodeTitle: 
  children: []
  conditions: []
  enterActions: []
  exitActions: []
  choices:
  - {fileID: -6627003786768897568}
  - {fileID: 4888693309434320823}
  actor: {fileID: 11400000, guid: b5b1e345cb53f4e439d2af734138a118, type: 2}
  dialogue: "Ops, sorry, I've been waiting for this delivery for days\u2026"
--- !u!114 &2266577056199338288
MonoBehaviour:
  m_ObjectHideFlags: 0
  m_CorrespondingSourceObject: {fileID: 0}
  m_PrefabInstance: {fileID: 0}
  m_PrefabAsset: {fileID: 0}
  m_GameObject: {fileID: 0}
  m_Enabled: 1
  m_EditorHideFlags: 0
  m_Script: {fileID: 11500000, guid: b2d8d0566afe4d5fa9596c80df966df6, type: 3}
  m_Name: Root
  m_EditorClassIdentifier: 
  _uniqueId: c69af4d6-0a33-42e3-ba4e-9fa1c93582b5
  rect:
    serializedVersion: 2
    x: 49524
    y: 50034
    width: 100
    height: 57
  nodeTitle: 
  children:
  - {fileID: -8292768337296448481}
  conditions: []
  enterActions: []
  exitActions: []
--- !u!114 &2872221469370077525
MonoBehaviour:
  m_ObjectHideFlags: 0
  m_CorrespondingSourceObject: {fileID: 0}
  m_PrefabInstance: {fileID: 0}
  m_PrefabAsset: {fileID: 0}
  m_GameObject: {fileID: 0}
  m_Enabled: 1
  m_EditorHideFlags: 0
  m_Script: {fileID: 11500000, guid: 9f157564dbc846468ec0ac2b6f7d545e, type: 3}
  m_Name: Dialogue
  m_EditorClassIdentifier: 
  _uniqueId: cdf5892c-45e0-4f22-90fb-1b3b1ca4ce9a
  rect:
    serializedVersion: 2
    x: 50448
    y: 50242
    width: 200
    height: 142
  nodeTitle: 1
  children: []
  conditions: []
  enterActions: []
  exitActions: []
  choices: []
  actor: {fileID: 11400000, guid: a282f90cd1fabbb4e9508f93b356fe0f, type: 2}
  dialogue: Sure, sure. Now go!!
--- !u!114 &4179001107538698532
MonoBehaviour:
  m_ObjectHideFlags: 1
  m_CorrespondingSourceObject: {fileID: 0}
  m_PrefabInstance: {fileID: 0}
  m_PrefabAsset: {fileID: 0}
  m_GameObject: {fileID: 0}
  m_Enabled: 1
  m_EditorHideFlags: 0
  m_Script: {fileID: 11500000, guid: fbb407621a43446dac370b409a9ddc29, type: 3}
  m_Name: Choice
  m_EditorClassIdentifier: 
  text: What?!
  children:
  - {fileID: 7286797779217564749}
  _uniqueId: 90ef377a-f233-42eb-96eb-2efa651a145d
  _nodeTitle: 
--- !u!114 &4515422748673077131
MonoBehaviour:
  m_ObjectHideFlags: 1
  m_CorrespondingSourceObject: {fileID: 0}
  m_PrefabInstance: {fileID: 0}
  m_PrefabAsset: {fileID: 0}
  m_GameObject: {fileID: 0}
  m_Enabled: 1
  m_EditorHideFlags: 0
  m_Script: {fileID: 11500000, guid: fbb407621a43446dac370b409a9ddc29, type: 3}
  m_Name: Choice
  m_EditorClassIdentifier: 
  text: "I really don\u2019t know what you are talking about."
  children:
  - {fileID: 1119240266814060948}
  _uniqueId: 9f1e493d-9e4f-47c0-b947-ee5cadf757b1
  _nodeTitle: 
--- !u!114 &4888693309434320823
MonoBehaviour:
  m_ObjectHideFlags: 1
  m_CorrespondingSourceObject: {fileID: 0}
  m_PrefabInstance: {fileID: 0}
  m_PrefabAsset: {fileID: 0}
  m_GameObject: {fileID: 0}
  m_Enabled: 1
  m_EditorHideFlags: 0
  m_Script: {fileID: 11500000, guid: fbb407621a43446dac370b409a9ddc29, type: 3}
  m_Name: Choice
  m_EditorClassIdentifier: 
  text: Can I help you?
  children:
  - {fileID: -5703524057736138030}
  _uniqueId: aab9bcf6-27a8-4c7c-bf01-c736cb485f97
  _nodeTitle: 
--- !u!114 &6596526731193682253
MonoBehaviour:
  m_ObjectHideFlags: 1
  m_CorrespondingSourceObject: {fileID: 0}
  m_PrefabInstance: {fileID: 0}
  m_PrefabAsset: {fileID: 0}
  m_GameObject: {fileID: 0}
  m_Enabled: 1
  m_EditorHideFlags: 0
  m_Script: {fileID: 11500000, guid: fbb407621a43446dac370b409a9ddc29, type: 3}
  m_Name: Choice
  m_EditorClassIdentifier: 
  text: "I\u2019ll keep an eye open in the industrial area."
  children:
  - {fileID: -5703524057736138030}
  _uniqueId: c8027a36-cd31-490f-81e1-7dd1cd0bcb66
  _nodeTitle: 
--- !u!114 &7286797779217564749
MonoBehaviour:
  m_ObjectHideFlags: 0
  m_CorrespondingSourceObject: {fileID: 0}
  m_PrefabInstance: {fileID: 0}
  m_PrefabAsset: {fileID: 0}
  m_GameObject: {fileID: 0}
  m_Enabled: 1
  m_EditorHideFlags: 0
  m_Script: {fileID: 11500000, guid: 9f157564dbc846468ec0ac2b6f7d545e, type: 3}
  m_Name: Dialogue
  m_EditorClassIdentifier: 
  _uniqueId: f1cecf26-5d09-48ff-9d4d-f9095f953cc6
  rect:
    serializedVersion: 2
    x: 49864
    y: 49984
    width: 200
    height: 182
  nodeTitle: 
  children: []
  conditions: []
  enterActions: []
  exitActions: []
  choices:
  - {fileID: 4515422748673077131}
  - {fileID: 1025998858611229619}
  actor: {fileID: 11400000, guid: b5b1e345cb53f4e439d2af734138a118, type: 2}
  dialogue: "Come on, I\u2019m already nervous, stop joking."
--- !u!114 &7588868484866695572
MonoBehaviour:
  m_ObjectHideFlags: 1
  m_CorrespondingSourceObject: {fileID: 0}
  m_PrefabInstance: {fileID: 0}
  m_PrefabAsset: {fileID: 0}
  m_GameObject: {fileID: 0}
  m_Enabled: 1
  m_EditorHideFlags: 0
  m_Script: {fileID: 11500000, guid: fbb407621a43446dac370b409a9ddc29, type: 3}
  m_Name: Choice
  m_EditorClassIdentifier: 
  text: Seems a good way to spend my time, where does the delivery come from?
  children:
  - {fileID: -5703524057736138030}
  _uniqueId: 2e330ff1-5483-4982-89fe-5abecf8c94a6
  _nodeTitle: 
--- !u!114 &7629217479896350039
MonoBehaviour:
  m_ObjectHideFlags: 1
  m_CorrespondingSourceObject: {fileID: 0}
  m_PrefabInstance: {fileID: 0}
  m_PrefabAsset: {fileID: 0}
  m_GameObject: {fileID: 0}
  m_Enabled: 1
  m_EditorHideFlags: 0
  m_Script: {fileID: 11500000, guid: fbb407621a43446dac370b409a9ddc29, type: 3}
  m_Name: Choice
  m_EditorClassIdentifier: 
  text: "Good, obviously I don\u2019t work for free."
  children:
  - {fileID: 2872221469370077525}
  _uniqueId: 4194c22e-ac84-46e7-bd7b-3dafc3c26c0e
  _nodeTitle: 
