%YAML 1.1
%TAG !u! tag:unity3d.com,2011:
--- !u!114 &-5986198199228628361
MonoBehaviour:
  m_ObjectHideFlags: 1
  m_CorrespondingSourceObject: {fileID: 0}
  m_PrefabInstance: {fileID: 0}
  m_PrefabAsset: {fileID: 0}
  m_GameObject: {fileID: 0}
  m_Enabled: 1
  m_EditorHideFlags: 0
  m_Script: {fileID: 11500000, guid: fbb407621a43446dac370b409a9ddc29, type: 3}
  m_Name: Choice
  m_EditorClassIdentifier: 
  text: Seems like normal sand to me.
  children:
  - {fileID: 609925223447788019}
  _uniqueId: bfb5bf2a-2eaf-45cf-b12d-3f6ad075e095
  _nodeTitle: 
--- !u!114 &-4372221272008255702
MonoBehaviour:
  m_ObjectHideFlags: 0
  m_CorrespondingSourceObject: {fileID: 0}
  m_PrefabInstance: {fileID: 0}
  m_PrefabAsset: {fileID: 0}
  m_GameObject: {fileID: 0}
  m_Enabled: 1
  m_EditorHideFlags: 0
  m_Script: {fileID: 11500000, guid: 9f157564dbc846468ec0ac2b6f7d545e, type: 3}
  m_Name: Dialogue
  m_EditorClassIdentifier: 
  _uniqueId: 704fb651-fab6-40b0-b80e-47c32f784a31
  rect:
    serializedVersion: 2
    x: 49695
    y: 50048
    width: 200
    height: 182
  nodeTitle: 
  children: []
  conditions: []
  enterActions: []
  exitActions: []
  choices:
  - {fileID: 7322680547123851182}
  - {fileID: -5986198199228628361}
  actor: {fileID: 11400000, guid: a282f90cd1fabbb4e9508f93b356fe0f, type: 2}
  dialogue: "Wow, you\u2019re really back! and you\u2019ve got the sand with yourself
    as I can see!"
--- !u!114 &11400000
MonoBehaviour:
  m_ObjectHideFlags: 0
  m_CorrespondingSourceObject: {fileID: 0}
  m_PrefabInstance: {fileID: 0}
  m_PrefabAsset: {fileID: 0}
  m_GameObject: {fileID: 0}
  m_Enabled: 1
  m_EditorHideFlags: 0
  m_Script: {fileID: 11500000, guid: b35851dfd8754a74b333944d50d05bbd, type: 3}
  m_Name: Quest1 Dialogo5  ID 010
  m_EditorClassIdentifier: 
  _nodes:
  - {fileID: 2266577056199338288}
  - {fileID: -4372221272008255702}
  - {fileID: 609925223447788019}
  - {fileID: 1781209314241670314}
  root: {fileID: 2266577056199338288}
  scrollPosition: {x: 49507.5, y: 49849}
--- !u!114 &609925223447788019
MonoBehaviour:
  m_ObjectHideFlags: 0
  m_CorrespondingSourceObject: {fileID: 0}
  m_PrefabInstance: {fileID: 0}
  m_PrefabAsset: {fileID: 0}
  m_GameObject: {fileID: 0}
  m_Enabled: 1
  m_EditorHideFlags: 0
  m_Script: {fileID: 11500000, guid: 9f157564dbc846468ec0ac2b6f7d545e, type: 3}
  m_Name: Dialogue
  m_EditorClassIdentifier: 
  _uniqueId: 212d165e-7f66-40df-9ccb-c3e4a9ca10c2
  rect:
    serializedVersion: 2
    x: 49931
    y: 50044
    width: 200
    height: 182
  nodeTitle: 
  children: []
  conditions: []
  enterActions: []
  exitActions: []
  choices:
  - {fileID: 5012438611810290487}
  - {fileID: 9152017170023419435}
  actor: {fileID: 11400000, guid: a282f90cd1fabbb4e9508f93b356fe0f, type: 2}
  dialogue: "Let me take a look, it\u2019s not sand and it\u2019s almost completely
    artificially created. \u201CRead the message\u201D...understood, many problems
    as always, I have to take it as it is I suppose. It\u2019s not quite enough to
    permanently lignify a person but I can use it to produce powerful paralyzers."
--- !u!114 &1781209314241670314
MonoBehaviour:
  m_ObjectHideFlags: 0
  m_CorrespondingSourceObject: {fileID: 0}
  m_PrefabInstance: {fileID: 0}
  m_PrefabAsset: {fileID: 0}
  m_GameObject: {fileID: 0}
  m_Enabled: 1
  m_EditorHideFlags: 0
  m_Script: {fileID: 11500000, guid: 9f157564dbc846468ec0ac2b6f7d545e, type: 3}
  m_Name: Dialogue
  m_EditorClassIdentifier: 
  _uniqueId: be050449-fe61-4c70-b3cf-ec5eec040a4b
  rect:
    serializedVersion: 2
    x: 50167
    y: 50065
    width: 200
    height: 142
  nodeTitle: 0
  children: []
  conditions: []
  enterActions: []
  exitActions: []
  choices: []
  actor: {fileID: 11400000, guid: a282f90cd1fabbb4e9508f93b356fe0f, type: 2}
  dialogue: "I don\u2019t know where it is directed but this world keeps going forward,
    so we have to.I use this weapon as a defence against bandits, with this technique
    I can study the lignification on...ehm...living samples. Come back here sometime,
    probably I\u2019ll have something for you. Sorry but I have some experimentation
    to do now, byyye."
--- !u!114 &2266577056199338288
MonoBehaviour:
  m_ObjectHideFlags: 0
  m_CorrespondingSourceObject: {fileID: 0}
  m_PrefabInstance: {fileID: 0}
  m_PrefabAsset: {fileID: 0}
  m_GameObject: {fileID: 0}
  m_Enabled: 1
  m_EditorHideFlags: 0
  m_Script: {fileID: 11500000, guid: b2d8d0566afe4d5fa9596c80df966df6, type: 3}
  m_Name: Root
  m_EditorClassIdentifier: 
  _uniqueId: c69af4d6-0a33-42e3-ba4e-9fa1c93582b5
  rect:
    serializedVersion: 2
    x: 49542
    y: 50070
    width: 100
    height: 57
  nodeTitle: 
  children:
  - {fileID: -4372221272008255702}
  conditions: []
  enterActions: []
  exitActions: []
--- !u!114 &5012438611810290487
MonoBehaviour:
  m_ObjectHideFlags: 1
  m_CorrespondingSourceObject: {fileID: 0}
  m_PrefabInstance: {fileID: 0}
  m_PrefabAsset: {fileID: 0}
  m_GameObject: {fileID: 0}
  m_Enabled: 1
  m_EditorHideFlags: 0
  m_Script: {fileID: 11500000, guid: fbb407621a43446dac370b409a9ddc29, type: 3}
  m_Name: Choice
  m_EditorClassIdentifier: 
  text: "Aren\u2019t guns enough?"
  children:
  - {fileID: 1781209314241670314}
  _uniqueId: 7521df95-9089-4411-b061-d4f933ccb2cc
  _nodeTitle: 
--- !u!114 &7322680547123851182
MonoBehaviour:
  m_ObjectHideFlags: 1
  m_CorrespondingSourceObject: {fileID: 0}
  m_PrefabInstance: {fileID: 0}
  m_PrefabAsset: {fileID: 0}
  m_GameObject: {fileID: 0}
  m_Enabled: 1
  m_EditorHideFlags: 0
  m_Script: {fileID: 11500000, guid: fbb407621a43446dac370b409a9ddc29, type: 3}
  m_Name: Choice
  m_EditorClassIdentifier: 
  text: Not really, it is a prototype.
  children:
  - {fileID: 609925223447788019}
  _uniqueId: 35509a07-1571-45b2-807a-4002427e9cc0
  _nodeTitle: 
--- !u!114 &9152017170023419435
MonoBehaviour:
  m_ObjectHideFlags: 1
  m_CorrespondingSourceObject: {fileID: 0}
  m_PrefabInstance: {fileID: 0}
  m_PrefabAsset: {fileID: 0}
  m_GameObject: {fileID: 0}
  m_Enabled: 1
  m_EditorHideFlags: 0
  m_Script: {fileID: 11500000, guid: fbb407621a43446dac370b409a9ddc29, type: 3}
  m_Name: Choice
  m_EditorClassIdentifier: 
  text: "Who is the target of this \u201Cweapon\u201D?"
  children:
  - {fileID: 1781209314241670314}
  _uniqueId: 19099b2b-8564-44f8-9bd7-f55bc7ff1d8e
  _nodeTitle: 
